2859 4950
153 253 220 383 100ἶ
460 312 500 395 Q·
540 306 761 375 HOMTH
786 306 972 375 nuncet

439 713 441 716 ¹
513 618 988 707 nnsunnxvr.¹

428 758 1016 853 suenoseuvn

257 892 394 1004 otium
418 932 524 1002 Divos
547 940 649 1027 roget
672 930 707 1001 in
732 930 862 1025 petenti

256 1038 401 1107 Prensus
425 1029 587 1131 Aegaeo,
613 1034 712 1105 simui
738 1046 810 1103 stra
839 1034 946 1105 nubes

260 1139 424 1211 Condidit
448 1140 599 1230 Lunam,
625 1160 737 1227 neque
763 1144 856 1208 certa
881 1138 1016 1233 fulgent

623 1242 744 1311 Sidera
769 1242 896 1312 nentis:

257 1340 377 1413 Otium
401 1342 497 1413 bello
522 1342 653 1414 furiose
677 1345 829 1431 Thrace,

258 1443 377 1516 Otium
402 1446 502 1517 Medi
527 1448 691 1541 pheretro
714 1442 847 1533 decori,

259 1549 441 1645 Grosphe,
466 1572 535 1621 non
560 1553 723 1647 gemmis,
749 1574 860 1640 neque
884 1572 1039 1643 purpure
1062 1569 1120 1616 ve·

611 1656 709 1746 nele,
734 1677 844 1745 neque
870 1676 965 1723 auro.
993 1687 997 1698 ·

286 1832 475 1890 CARMEN
494 1835 567 1891 xvi.
742 1838 885 1909 Grospho,
902 1853 931 1889 es
946 1832 1037 1901 dives,
1056 1848 1105 1903 ego
1120 1832 1196 1903 perri
1207 1832 1287 1901 agelli

192 1918 306 1991 Scripsit
319 1921 368 1976 boo
387 1940 495 1977 carmen
509 1940 541 1977 eo
560 1923 701 1996 preeeipne
743 1942 798 1979 sunt
809 1938 958 1995 possessor,
976 1920 1023 1973 sed
1035 1928 1128 1991 poeto,
1146 1918 1214 1976 ultre
1228 1921 1288 1973 vui-

159 2006 267 2061 roneilio
288 2013 383 2077 poete,
406 2014 436 2063 ut
457 2010 607 2081 Grosphnrn
626 2028 643 2063 e
657 2028 700 2065 re·
743 2010 771 2083 gi
786 2009 909 2065 invidiem
929 2008 1020 2063 elatus.
1046 2034 1082 2045 -
1106 2004 1151 2059 Sic
1168 2005 1287 2074 equidem

159 2110 233 2161 rum,
248 2111 317 2149 nune
336 2095 447 2150 aninum
468 2096 526 2151 eius
544 2098 702 2167 perturben-
742 2097 770 2153 in
791 2098 840 2151 hoo
865 2092 1005 2156 termine,
1020 2092 1046 2143 in
1064 2092 1137 2145 cuius
1152 2093 1288 2147 sententiis

159 2180 242 2245 neu,
261 2180 435 2237 sollieitudine
447 2182 482 2237 ed
494 2169 702 2253 tranquillitatis,
744 2183 813 2239 inter
831 2198 861 2235 se
881 2177 1016 2233 nectendis
1041 2176 1118 2229 vaide
1142 2176 1288 2233 laboratum

159 2267 253 2338 inque
265 2265 348 2322 omnis
362 2269 433 2323 vitto
445 2251 570 2323 besuense
581 2279 703 2341 spectes-
745 2277 802 2336 est,
826 2267 911 2323 omnis
929 2265 962 2319 ed
981 2262 1129 2328 eonsilium,
1156 2280 1206 2333 qun
1221 2265 1289 2321 illud

160 2352 245 2407 desit
258 2353 387 2422 feliciter,
411 2354 562 2409 traduceret
581 2357 704 2415 nntium.
746 2356 871 2427 scripturn
882 2370 940 2407 esse
956 2350 1083 2417 diximus,
1101 2350 1232 2403 commode
1245 2370 1289 2406 re-

160 2439 354 2496 Sententierum
387 2458 482 2496 nenne
496 2447 539 2496 eet
563 2443 620 2499 iere
644 2445 716 2509 utos,
746 2442 811 2498 ferti
824 2456 901 2512 posse
916 2436 1089 2492 existimo.'-
1108 2436 1149 2491 De
1165 2438 1289 2508 Pompeio

162 2527 266 2592 Otium,
284 2529 310 2582 u.
333 2547 357 2583 e.
376 2528 561 2594 securitatem,
578 2532 704 2602 quietem,
747 2529 866 2600 Grospho
875 2525 979 2596 copiose
992 2525 1287 2598 egitSonndonuesupr.

160 2612 279 2672 studui
300 2615 704 2689 nunquidnam-superto-
746 2613 824 2671 odL.
839 2611 874 2669 11.
888 2614 914 2666 7.

67 2729 73 2740 ·
160 2699 244 2754 mines
258 2695 396 2769 flagitent3
413 2702 579 2756 securitatem
590 2703 703 2774 quidem,
780 2715 807 2754 r.
821 2700 835 2754 l
848 2727 884 2738 -
897 2700 922 2753 8.
944 2697 1032 2751 Otium
1052 2697 1080 2750 in
1094 2695 1187 2750 latiore
1201 2711 1288 2762 sensu,

162 2786 211 2856 qui
224 2787 252 2840 in
264 2786 328 2840 uari
342 2788 506 2858 tempestatis
527 2789 644 2857 periodo
658 2804 704 2844 ex·
741 2791 777 2850 ¹nt
791 2784 842 2837 iem
855 2784 883 2836 in
897 2791 1046 2852 argumento
1055 2782 1221 2846 ostendimus,
1236 2789 1289 2838 tero

162 2873 242 2942 positi
255 2880 332 2939 eunte
355 2874 484 2944 quietem,
508 2874 599 2944 populi
610 2875 704 2934 ebello-
747 2870 781 2924 de
794 2869 954 2933 securitate,
971 2887 1037 2940 pecs
1056 2876 1084 2923 et
1095 2871 1198 2940 quiete,
1214 2887 1290 2940 quum

161 2973 219 3012 rum
233 2958 365 3012 laboribus
377 2959 454 3025 sessis
477 2959 556 3014 enimi
576 2937 705 3040 trqssquil-
748 2959 781 3012 de
794 2956 870 3012 enimi
888 2954 1077 3024 tranquillitate
1096 2957 1221 3026 posituru3
1237 2957 1289 3010 ita-

160 3041 278 3108 litetern,
302 3061 387 3114 neque
407 3061 524 3116 purpure
546 3063 705 3121 nequeunte
747 3061 799 3114 qus
814 3041 884 3096 notio
907 3042 1002 3112 euiquo
1017 3042 1162 3098 sententiae
1177 3037 1302 3114 sptninss

163 3127 297 3192 reunion,
315 3130 419 3182 summis
431 3130 571 3186 honoribus
592 3132 706 3201 et'diri·
748 3130 782 3184 rie
801 3130 861 3183 elici
880 3129 966 3184 debet.
988 3155 1018 3166 -
1029 3145 1140 3196 prensus
1154 3131 1292 3198 -prendi

162 3212 409 3287 tiorumsplendors
431 3218 575 3289 conspicui·
609 3219 706 3281 Verere
748 3221 776 3272 et
799 3217 925 3286 deprendi
943 3212 1050 3284 proprie
1072 3213 1106 3266 de
1126 3214 1228 3282 nautis,
1246 3215 1291 3286 qui

163 3299 231 3354 enin
242 3317 306 3354 vero
320 3301 398 3357 nniud
411 3303 584 3371 trenqnitiiter
599 3302 633 3358 iis
646 3310 707 3359 ten·
749 3300 836 3356 subite
848 3305 1003 3370 tempestete
1015 3299 1043 3352 in
1055 3299 1120 3352 unsri
1140 3303 1291 3372 opprimun-

164 3392 219 3440 tutn
231 3381 372 3456 coniiugit,
390 3389 453 3458 qui,
476 3390 592 3455 modies,
614 3389 641 3444 in
655 3407 707 3461 que
748 3390 811 3449 tur3
828 3385 874 3438 vid
887 3387 974 3440 Booti.
993 3402 1064 3455 supr.
1085 3385 1119 3439 ed
1138 3386 1166 3452 1,
1186 3386 1227 3444 14.
1247 3393 1289 3444 10.

163 3471 220 3534 neti
235 3480 313 3538 sunt,
331 3478 402 3527 sorte
416 3476 548 3540 contenti,
564 3492 651 3544 neque
665 3476 716 3530 ‹ti-¹
751 3472 807 3542 [ubi
822 3471 869 3536 iis,
887 3467 982 3542 queen
996 3471 1071 3526 nobie
1084 3471 1208 3526 adnotate
1221 3481 1290 3540 sunt,

163 3557 244 3613 vities
267 3566 412 3628 oppetunt,
434 3577 519 3630 neque
531 3563 648 3618 studiose
661 3579 706 3616 ees
749 3558 895 3612 addendum
921 3566 963 3617 eet
990 3561 1055 3612 huet
1084 3559 1290 3630 ‚‚deprsnsa.“]

164 3643 192 3698 iu
204 3644 302 3698 exteris
315 3645 464 3715 reginmbus
478 3647 708 3717 quaeruntedeo-
749 3673 785 3688 -
799 3653 885 3710 oete,
904 3645 1017 3715 adquae
1033 3649 1127 3698 neutee
1141 3645 1216 3698 nevis
1231 3663 1292 3699 cur-

166 3748 219 3801 que
236 3731 322 3797 eurir,
344 3732 455 3786 assiduis
470 3733 521 3786 iilis
535 3733 707 3804 cupiditatum
749 3749 805 3785 sum
819 3739 878 3784 tuto
891 3730 1005 3802 dirigere
1017 3737 1140 3802 possunt,
1158 3738 1223 3785 tute·
1242 3733 1293 3786 Ti-

165 3815 315 3882 comitibus,
331 3818 409 3872 veeui
422 3824 493 3874 eunt.
518 3821 622 3874 Animus
634 3825 709 3874 uen-
750 3817 811 3871 buil.
833 3816 861 3868 1.
890 3819 916 3872 9·
934 3823 975 3873 10.
995 3821 1100 3872 Ducum
1109 3819 1243 3872 innobiles
1256 3821 1294 3873 ei·

166 3903 262 3974 quillus
278 3903 312 3956 de
329 3903 378 3969 iis,
404 3923 471 3975 quse
492 3906 602 3973 adsunt,
626 3908 709 3960 ieete-
751 3903 818 3956 deo
838 3893 935 3958 certa
953 3914 1033 3958 rates.
1052 3933 1087 3964 ,-
1102 3907 1167 3957 telio
1176 3908 1298 3972 furiose»

166 3996 226 4053 tur,
249 3994 278 4042 et
294 3990 364 4044 sieut
383 3993 472 4047 future
491 4011 542 4046 non
560 3998 649 4059 curet,
670 3993 710 4047 ite
751 3988 871 4044 bellandi.
885 3990 1045 4061 cupiditate,
1070 3997 1190 4060 tanquam
1202 3992 1304 4046 furore·

167 4077 296 4130 fortunent
321 4078 457 4132 adversam
482 4078 613 4133 moderate
646 4081 709 4142 ient,
751 4077 877 4145 quodem,
896 4095 925 4129 se
941 4078 1037 4148 agitari
1051 4078 1168 4148 patiens,
1186 4077 1294 4132 bellico-

167 4179 240 4225 eum,
258 4161 320 4215 nihii
334 4163 447 4217 eborini
461 4165 651 4235 pertebeetum
667 4180 709 4216 es·
752 4159 867 4226 sissime3
895 4161 955 4214 hine
984 4163 1103 4234 Euripid.
1131 4158 1237 4216 'Hecub.
1266 4179 1293 4214 r.

167 4264 210 4310 ee,
235 4246 278 4300 vei
296 4248 403 4302 Achillis
423 4259 451 4304 et
471 4248 581 4304 Tithoni
592 4249 712 4319 exemplo
753 4247 829 4304 1090.
854 4249 974 4304 Thraces
988 4249 1061 4319 Ἀρεῖ
1076 4247 1196 4318 κάτοχον
1217 4248 1295 4316 γένος

168 4331 234 4384 setis
247 4330 375 4398 dooeent3
397 4335 463 4389 elios
483 4337 547 4398 hoe,
570 4333 637 4386 eiius
658 4331 728 4387 elio
753 4332 827 4386 dixit
848 4334 889 4374 ’-
910 4337 999 4400 Medi,
1031 4336 1137 4400 Parthi,
1165 4335 1295 4406 pharetro

168 4416 304 4470 felicitetie
338 4435 436 4486 genere
468 4418 584 4488 gaudete
620 4426 666 4484 tu,
698 4438 715 4475 o
758 4421 863 4486 decori,
887 4421 1037 4492 sagittiferi.
1057 4450 1093 4462 -
1119 4440 1171 4476 non
1193 4422 1295 4486 eenole,
