2859 4950
363 325 908 440 ¹strantcrarrzog
1076 349 1081 356 ·
1206 351 1246 410 n

156 503 290 604 [Post
320 501 559 584 ‘inchoatam
591 504 980 586 Mitseherlichii
996 487 1246 585 ''editionem

111 624 255 704 omnia
266 624 423 702 Horatii
442 628 711 708 carminando
726 639 842 704 tomo
856 626 1052 726 evulgavit
1064 627 1246 708 ettva-

110 744 311 832 trelittt·
349 747 573 826 tnsuuaa.
588 761 649 828 est
669 749 772 831 hoec
793 747 919 860 editio
941 745 1162 847 lodicibus,
1202 749 1245 826 in

111 865 263 972 qantos
282 889 350 944 res
369 863 598 968 historicae,
623 869 933 970 mythologicee,
956 868 1246 971 geographicae

113 999 299 1066 accurato
317 1000 357 1064 et
371 987 585 1088 diligenter
596 1002 841 1088 enarrantur,
868 989 1159 1093 copiosissimis,
1171 987 1246 1100 sed

112 1109 234 1212 pauci
245 1107 417 1192 lectores
434 1109 477 1186 in
499 1131 643 1188 eorum
664 1109 848 1189 subsidio
862 1111 1136 1214 acquiescent,
1168 1135 1247 1190 neo

112 1243 200 1307 tam
216 1253 262 1306 ex
283 1229 459 1306 subiecta
478 1227 659 1325 lectionis
678 1231 885 1329 varietate,
912 1239 1035 1336 qnam
1062 1255 1109 1307 ex
1129 1256 1247 1333 prae·

111 1351 255 1454 positis
280 1349 425 1452 cuique
448 1350 613 1427 carmini
635 1352 896 1450 argumentis,
920 1349 1097 1428 multum
1118 1350 1247 1455 profi-

114 1474 233 1550 cient
280 1473 329 1548 ln
341 1470 561 1576 probandis
576 1473 684 1548 enim
696 1470 761 1550 vel
775 1471 1050 1575 improbandis
1062 1472 1247 1552 lectioni·
1306 1461 1312 1469 “

113 1591 193 1670 hus
208 1589 492 1671 Wetnelius
515 1585 566 1670 ad
578 1594 683 1671 Iani
706 1591 898 1690 iudicium
916 1596 1247 1672 etauctoritatem

115 1713 171 1789 ita
183 1735 226 1788 se
242 1714 527 1816 attemperavit,
540 1727 587 1790 ut
599 1711 801 1822 nihil'fere
815 1738 862 1791 ex
875 1738 919 1790 se
932 1715 1018 1817 ipso
1033 1712 1247 1820 proferret,

116 1844 160 1910 et
173 1829 321 1910 ducem
334 1857 453 1912 suum
468 1849 588 1938 atque
601 1835 835 1934 magistrum
849 1835 891 1912 in
914 1833 1137 1913 deridendo
1157 1849 1246 1912 tan·

115 1961 206 2030 tum
224 1965 265 2030 et
278 1954 520 2056 petulantius
542 1955 750 2032 tractando
766 1959 914 2055 Magno
926 1953 1158 2034 Bentleio
1178 1979 1247 2054 sug

114 2087 286 2176 peraret
342 2077 427 2154 Nec
453 2079 698 2174 Argumenta
724 2075 778 2155 ita
804 2069 1031 2179 comparata
1057 2088 1168 2171 sont,
1198 2087 1247 2152 nt

115 2195 293 2274 lectores'
302 2192 400 2272 inde
416 2192 468 2273 de
484 2193 676 2298 cuiusque
690 2195 873 2276 carminis
886 2197 1017 2301 pretio
1035 2209 1077 2276 et
1091 2195 1245 2276 virtuti-

113 2315 319 2396 busrecte
329 2313 504 2394 iudicare
518 2313 678 2398 discant
995 2322 1000 2333 ‘

196 2491 308 2587 Quae
322 2484 374 2565 de
388 2487 539 2565 Horatii
552 2488 664 2567 MSS.
683 2456 965 2597 etEdittcett
989 2513 1038 2567 ex
1058 2486 1142 2565 aliis
1158 2485 1245 2565 edi·

114 2609 293 2689 tionibus
317 2606 502 2707 cognosci
528 2620 714 2709 possunt,
747 2622 789 2687 et
809 2632 901 2687 raro
922 2608 1001 2710 legi
1021 2609 1173 2708 solent,
1197 2610 1246 2686 iis
1392 2597 1394 2600 ’

115 2730 221 2807 hanc
235 2728 456 2808 editionem
471 2750 616 2827 augere
632 2740 672 2805 ct
686 2752 854 2807 onerare
868 2729 990 2812 nolui.
1031 2732 1172 2833 Itaque
1185 2727 1245 2805 nil

115 2848 194 2929 nisi
214 2851 375 2931 Vitam
396 2848 588 2927 Horatii
613 2860 653 2926 ct
671 2850 959 2928 Doctrinam
988 2849 1049 2928 de
1071 2850 1246 2928 metris

29 2948 35 2965 ἱ
115 2968 401 3053 Horatianis
423 2968 759 3071 praemittendam
786 2971 926 3053 curavi
965 2976 1070 3053 Rem
1099 2970 1247 3077 scilicet

118 3090 172 3170 de
190 3088 656 3167 metrisHoratianis
681 3113 790 3169 novo
811 3076 945 3171 studio
967 3106 1158 3195 tantaque
1184 3090 1246 3169 di-

116 3209 295 3312 ligentia,
320 3208 493 3287 sollertia
508 3220 549 3289 et
566 3208 708 3310 peritia
728 3214 893 3289 excussit
914 3213 1026 3291 etad
1047 3212 1245 3290 eiusmodi

116 3330 293 3409 formam
307 3328 463 3428 redegit
481 3330 553 3409 Vir
571 3320 830 3409 Doctissimus
853 3346 894 3411 et
912 3331 1049 3411 multis
1069 3333 1246 3425 nomini-

116 3453 194 3530 bus
210 3450 311 3527 mihi
328 3450 560 3529 car-issimus
581 3452 838 3552 Spanius,¹
861 3465 908 3530 ut
932 3454 1246 3553 communicatis,

118 3596 223 3677 quae
249 3570 535 3659 humanissime
560 3570 626 3649 ille
646 3596 811 3649 mecum
832 3571 885 3650 de
902 3576 1246 3654 metri-s'Hora-

117 3690 265 3771 tianis
280 3690 705 3789 communicavit'cum
719 3695 871 3774 Horatii
882 3691 1110 3794 lectoribus,
1135 3692 1247 3771 haud

118 3815 300 3915 exiguam
322 3810 428 3917 apud
448 3800 643 3914 plurimos
662 3838 737 3892 me
756 3816 921 3916 gratiam
945 3816 1138 3895 initurum
1158 3839 1246 3895 csse

119 3959 213 4013 cum
226 3932 373 4013 fiducia
386 3931 559 4037 quadam
574 3957 734 4038 sperare
746 3959 919 4038 possem

192 4124 332 4205 Restat
344 4122 635 4231 utDoctissimo
650 4098 1249 4229 ClarissimoquePhilosophiac
1341 4219 1345 4228 Ι

118 4243 284 4323 Ductori
299 4242 478 4323 Garolo
498 4240 785 4323 Christiano
806 4243 1106 4344 chdlero,
1138 4245 1249 4330 osius

121 4356 408 4474 accuratissima
421 4372 604 4443 veterum
626 4362 851 4465 linguanun
871 4364 1099 4467 cognitione
1119 4390 1250 4469 aeque
1312 4393 1314 4398 ·
