<?xml version="1.0" encoding="UTF-8"?>
<!DOCTYPE html PUBLIC "-//W3C//DTD XHTML 1.0 Transitional//EN"
    "http://www.w3.org/TR/xhtml1/DTD/xhtml1-transitional.dtd">
<html xmlns="http://www.w3.org/1999/xhtml" xml:lang="en" lang="en">
 <head>
  <title>
</title>
<meta http-equiv="Content-Type" content="text/html;charset=utf-8" />
  <meta name='ocr-system' content='tesseract 3.04.00' />
  <meta name='ocr-capabilities' content='ocr_page ocr_carea ocr_par ocr_line ocrx_word'/>
</head>
<body>
  <div class='ocr_page' id='page_1' title='image "./qhoratiiflaccio01unkngoog/qhoratiiflaccio01unkngoog_0221.png"; bbox 0 0 2859 4950; ppageno 0'>
   <div class='ocr_carea' id='block_1_1' title="bbox 434 320 1266 449">
    <p class='ocr_par' dir='ltr' id='par_1_1' title="bbox 434 320 1266 449">
     <span class='ocr_line' id='line_1_1' title="bbox 434 320 1266 449; baseline 0.008 -31"><span class='ocrx_word' id='word_1_1' title='bbox 434 320 950 449; x_wconf 77' lang='lat' dir='ltr'>osuuruvu&#39;umuua</span> <span class='ocrx_word' id='word_1_2' title='bbox 1177 357 1266 427; x_wconf 57' lang='lat' dir='ltr'>‘ns</span> 
     </span>
    </p>
   </div>
   <div class='ocr_carea' id='block_1_2' title="bbox 198 469 1262 826">
    <p class='ocr_par' dir='ltr' id='par_1_2' title="bbox 198 469 1262 826">
     <span class='ocr_line' id='line_1_2' title="bbox 198 469 833 617; baseline -0.003 -19"><span class='ocrx_word' id='word_1_3' title='bbox 198 469 207 496; x_wconf 49' lang='grc' dir='ltr'><em>Ι</em></span> <span class='ocrx_word' id='word_1_4' title='bbox 288 528 368 599; x_wconf 86' lang='lat' dir='ltr'>Non</span> <span class='ocrx_word' id='word_1_5' title='bbox 393 528 504 597; x_wconf 83' lang='lat' dir='ltr'>voltus</span> <span class='ocrx_word' id='word_1_6' title='bbox 528 526 677 597; x_wconf 74' lang='lat' dir='ltr'>instantis</span> <span class='ocrx_word' id='word_1_7' title='bbox 701 505 833 617; x_wconf 63' lang='lat' dir='ltr'>tjranni</span> 
     </span>
     <span class='ocr_line' id='line_1_3' title="bbox 338 627 1126 723; baseline -0.003 -22"><span class='ocrx_word' id='word_1_8' title='bbox 338 632 459 701; x_wconf 88' lang='lat' dir='ltr'>Mento</span> <span class='ocrx_word' id='word_1_9' title='bbox 483 630 591 723; x_wconf 90' lang='lat' dir='ltr'>quatit</span> <span class='ocrx_word' id='word_1_10' title='bbox 614 629 742 713; x_wconf 86' lang='lat' dir='ltr'>eolidn&#39;,</span> <span class='ocrx_word' id='word_1_11' title='bbox 767 650 879 719; x_wconf 83' lang='lat' dir='ltr'>nequo</span> <span class='ocrx_word' id='word_1_12' title='bbox 904 627 1038 718; x_wconf 82' lang='lat' dir='ltr'>Auster,</span> <span class='ocrx_word' id='word_1_13' title='bbox 1124 692 1126 699; x_wconf 25' lang='lat'><strong>⁴</strong></span> 
     </span>
     <span class='ocr_line' id='line_1_4' title="bbox 236 732 1262 826; baseline -0.006 -21"><span class='ocrx_word' id='word_1_14' title='bbox 236 734 317 805; x_wconf 83' lang='lat' dir='ltr'>Dux</span> <span class='ocrx_word' id='word_1_15' title='bbox 339 734 482 826; x_wconf 81' lang='lat' dir='ltr'><strong>inquieti</strong></span> <span class='ocrx_word' id='word_1_16' title='bbox 508 733 663 805; x_wconf 86' lang='lat' dir='ltr'>turbidus</span> <span class='ocrx_word' id='word_1_17' title='bbox 687 732 851 824; x_wconf 77' lang='lat' dir='ltr'>Hadriae,</span> <span class='ocrx_word' id='word_1_18' title='bbox 1235 735 1262 809; x_wconf 80' lang='lat'>5</span> 
     </span>
    </p>
   </div>
   <div class='ocr_carea' id='block_1_3' title="bbox 130 971 1260 1093">
    <p class='ocr_par' dir='ltr' id='par_1_3' title="bbox 130 971 1260 1093">
     <span class='ocr_line' id='line_1_5' title="bbox 130 971 1260 1093; baseline 0.004 -18"><span class='ocrx_word' id='word_1_19' title='bbox 130 1016 240 1075; x_wconf 88' lang='lat' dir='ltr'>Iunonis</span> <span class='ocrx_word' id='word_1_20' title='bbox 264 971 386 1073; x_wconf 70' lang='lat' dir='ltr'>landone</span> <span class='ocrx_word' id='word_1_21' title='bbox 419 1016 555 1089; x_wconf 85' lang='lat' dir='ltr'>exposita,</span> <span class='ocrx_word' id='word_1_22' title='bbox 587 1021 675 1091; x_wconf 82' lang='lat' dir='ltr'>poeto,</span> <span class='ocrx_word' id='word_1_23' title='bbox 716 1018 820 1091; x_wconf 87' lang='lat' dir='ltr'>mulque</span> <span class='ocrx_word' id='word_1_24' title='bbox 828 1014 935 1087; x_wconf 76' lang='lat' dir='ltr'>gravina</span> <span class='ocrx_word' id='word_1_25' title='bbox 944 1020 972 1071; x_wconf 85' lang='lat' dir='ltr'>et</span> <span class='ocrx_word' id='word_1_26' title='bbox 980 1016 1140 1089; x_wconf 87' lang='lat' dir='ltr'>splendidius</span> <span class='ocrx_word' id='word_1_27' title='bbox 1152 1019 1203 1077; x_wconf 89' lang='lat' dir='ltr'>dici</span> <span class='ocrx_word' id='word_1_28' title='bbox 1211 1038 1260 1093; x_wconf 89' lang='lat' dir='ltr'>pe·</span> 
     </span>
    </p>
   </div>
   <div class='ocr_carea' id='block_1_4' title="bbox 127 1094 1271 2381">
    <p class='ocr_par' dir='ltr' id='par_1_4' title="bbox 128 1094 1261 1606">
     <span class='ocr_line' id='line_1_6' title="bbox 129 1094 1261 1177; baseline 0.005 -18"><span class='ocrx_word' id='word_1_29' title='bbox 129 1121 271 1175; x_wconf 89' lang='lat' dir='ltr'>percossus</span> <span class='ocrx_word' id='word_1_30' title='bbox 290 1105 367 1175; x_wconf 85' lang='lat' dir='ltr'>quasi</span> <span class='ocrx_word' id='word_1_31' title='bbox 387 1105 530 1171; x_wconf 77' lang='lat' dir='ltr'>andaciae,</span> <span class='ocrx_word' id='word_1_32' title='bbox 547 1094 603 1176; x_wconf 81' lang='lat' dir='ltr'>qua¹</span> <span class='ocrx_word' id='word_1_33' title='bbox 613 1104 676 1159; x_wconf 88' lang='lat' dir='ltr'>deo-</span> <span class='ocrx_word' id='word_1_34' title='bbox 716 1104 783 1169; x_wconf 90' lang='lat' dir='ltr'>tuit,</span> <span class='ocrx_word' id='word_1_35' title='bbox 807 1120 884 1175; x_wconf 84' lang='lat' dir='ltr'>quum</span> <span class='ocrx_word' id='word_1_36' title='bbox 902 1102 972 1174; x_wconf 90' lang='lat' dir='ltr'>quod</span> <span class='ocrx_word' id='word_1_37' title='bbox 995 1121 1023 1158; x_wconf 82' lang='lat' dir='ltr'>r.</span> <span class='ocrx_word' id='word_1_38' title='bbox 1037 1104 1071 1162; x_wconf 94' lang='grc'>11</span> <span class='ocrx_word' id='word_1_39' title='bbox 1085 1112 1113 1160; x_wconf 91' lang='lat' dir='ltr'>et</span> <span class='ocrx_word' id='word_1_40' title='bbox 1128 1110 1170 1165; x_wconf 78' lang='lat'>12.</span> <span class='ocrx_word' id='word_1_41' title='bbox 1191 1111 1261 1177; x_wconf 83' lang='lat' dir='ltr'>Quos</span> 
     </span>
     <span class='ocr_line' id='line_1_7' title="bbox 129 1176 1260 1265; baseline 0.002 -18"><span class='ocrx_word' id='word_1_42' title='bbox 129 1208 188 1247; x_wconf 84' lang='lat' dir='ltr'>rum</span> <span class='ocrx_word' id='word_1_43' title='bbox 209 1208 339 1246; x_wconf 87' lang='lat' dir='ltr'>sermones</span> <span class='ocrx_word' id='word_1_44' title='bbox 358 1176 497 1256; x_wconf 72' lang='lat' dir='ltr'>retulerit,</span> <span class='ocrx_word' id='word_1_45' title='bbox 516 1190 676 1262; x_wconf 80' lang='lat' dir='ltr'>cogitatione</span> <span class='ocrx_word' id='word_1_46' title='bbox 715 1192 786 1245; x_wconf 83' lang='lat' dir='ltr'>inter</span> <span class='ocrx_word' id='word_1_47' title='bbox 801 1194 938 1262; x_wconf 62' lang='lat' dir='ltr'>Anglares</span> <span class='ocrx_word' id='word_1_48' title='bbox 961 1194 1109 1247; x_wconf 79' lang='lat' dir='ltr'>recumbens</span> <span class='ocrx_word' id='word_1_49' title='bbox 1125 1194 1260 1265; x_wconf 85' lang='lat' dir='ltr'>Purpureo</span> 
     </span>
     <span class='ocr_line' id='line_1_8' title="bbox 128 1268 1261 1351; baseline 0.005 -22"><span class='ocrx_word' id='word_1_50' title='bbox 128 1284 240 1347; x_wconf 89' lang='lat' dir='ltr'>repente</span> <span class='ocrx_word' id='word_1_51' title='bbox 264 1294 367 1330; x_wconf 84' lang='lat' dir='ltr'>carmen</span> <span class='ocrx_word' id='word_1_52' title='bbox 385 1276 453 1334; x_wconf 83' lang='lat' dir='ltr'>linit.</span> <span class='ocrx_word' id='word_1_53' title='bbox 479 1306 516 1317; x_wconf 92' lang='lat'>-</span> <span class='ocrx_word' id='word_1_54' title='bbox 540 1277 620 1342; x_wconf 78' lang='lat' dir='ltr'>Quod</span> <span class='ocrx_word' id='word_1_55' title='bbox 640 1277 675 1331; x_wconf 86' lang='lat' dir='ltr'>ad</span> <span class='ocrx_word' id='word_1_56' title='bbox 715 1268 781 1333; x_wconf 84' lang='lat' dir='ltr'>bidit</span> <span class='ocrx_word' id='word_1_57' title='bbox 794 1285 966 1341; x_wconf 72' lang='lat' dir='ltr'>orencntnr,</span> <span class='ocrx_word' id='word_1_58' title='bbox 989 1276 1024 1331; x_wconf 95' lang='lat' dir='ltr'>de</span> <span class='ocrx_word' id='word_1_59' title='bbox 1045 1277 1102 1351; x_wconf 77' lang='lat' dir='ltr'>eins</span> <span class='ocrx_word' id='word_1_60' title='bbox 1122 1277 1261 1336; x_wconf 81' lang='lat' dir='ltr'>divinitate</span> 
     </span>
     <span class='ocr_line' id='line_1_9' title="bbox 130 1361 1259 1437; baseline 0.005 -23"><span class='ocrx_word' id='word_1_61' title='bbox 130 1361 272 1431; x_wconf 77' lang='lat' dir='ltr'><strong>longiorem</strong></span> <span class='ocrx_word' id='word_1_62' title='bbox 284 1370 379 1433; x_wconf 88' lang='lat' dir='ltr'>poetae</span> <span class='ocrx_word' id='word_1_63' title='bbox 390 1363 591 1433; x_wconf 71' lang='lat' dir='ltr'>digressionem,</span> <span class='ocrx_word' id='word_1_64' title='bbox 606 1363 676 1419; x_wconf 79' lang='lat' dir='ltr'>male</span> <span class='ocrx_word' id='word_1_65' title='bbox 715 1364 815 1417; x_wconf 88' lang='lat' dir='ltr'>dictum</span> <span class='ocrx_word' id='word_1_66' title='bbox 828 1363 892 1417; x_wconf 82' lang='lat' dir='ltr'>est‘l</span> <span class='ocrx_word' id='word_1_67' title='bbox 908 1362 1054 1433; x_wconf 81' lang='lat' dir='ltr'>Ampliores</span> <span class='ocrx_word' id='word_1_68' title='bbox 1075 1374 1148 1420; x_wconf 87' lang='lat' dir='ltr'>certe</span> <span class='ocrx_word' id='word_1_69' title='bbox 1166 1368 1259 1437; x_wconf 79' lang='lat' dir='ltr'>lugo-</span> 
     </span>
     <span class='ocr_line' id='line_1_10' title="bbox 128 1444 1260 1531; baseline 0.008 -30"><span class='ocrx_word' id='word_1_70' title='bbox 128 1463 149 1501; x_wconf 72' lang='grc' dir='ltr'>α</span> <span class='ocrx_word' id='word_1_71' title='bbox 160 1446 289 1499; x_wconf 70' lang='lat' dir='ltr'>nonnullis</span> <span class='ocrx_word' id='word_1_72' title='bbox 301 1449 502 1518; x_wconf 73' lang='lat' dir='ltr'>reprehensam,</span> <span class='ocrx_word' id='word_1_73' title='bbox 521 1450 631 1517; x_wconf 87' lang='lat' dir='ltr'>attinet,</span> <span class='ocrx_word' id='word_1_74' title='bbox 648 1448 676 1531; x_wconf 84' lang='lat' dir='ltr'>in</span> <span class='ocrx_word' id='word_1_75' title='bbox 701 1444 753 1503; x_wconf 81' lang='lat' dir='ltr'>&#39;sti</span> <span class='ocrx_word' id='word_1_76' title='bbox 771 1448 861 1503; x_wconf 85' lang='lat' dir='ltr'>leudes</span> <span class='ocrx_word' id='word_1_77' title='bbox 886 1466 919 1503; x_wconf 89' lang='lat' dir='ltr'>ne</span> <span class='ocrx_word' id='word_1_78' title='bbox 947 1449 1129 1520; x_wconf 87' lang='lat' dir='ltr'>amplissimum</span> <span class='ocrx_word' id='word_1_79' title='bbox 1155 1452 1260 1525; x_wconf 78' lang='lat' dir='ltr'>quidem</span> 
     </span>
     <span class='ocr_line' id='line_1_11' title="bbox 129 1532 1101 1606; baseline 0.006 -22"><span class='ocrx_word' id='word_1_80' title='bbox 129 1550 164 1585; x_wconf 87' lang='lat' dir='ltr'>eu</span> <span class='ocrx_word' id='word_1_81' title='bbox 180 1532 255 1602; x_wconf 89' lang='lat' dir='ltr'>ipsa,</span> <span class='ocrx_word' id='word_1_82' title='bbox 276 1534 324 1603; x_wconf 90' lang='lat' dir='ltr'>qui</span> <span class='ocrx_word' id='word_1_83' title='bbox 346 1552 449 1588; x_wconf 90' lang='lat' dir='ltr'>sensum</span> <span class='ocrx_word' id='word_1_84' title='bbox 466 1536 569 1606; x_wconf 85' lang='lat' dir='ltr'>pulchri</span> <span class='ocrx_word' id='word_1_85' title='bbox 586 1538 675 1603; x_wconf 84' lang='lat' dir='ltr'>babet,</span> <span class='ocrx_word' id='word_1_86' title='bbox 716 1552 820 1589; x_wconf 69' lang='lat' dir='ltr'>cumen</span> <span class='ocrx_word' id='word_1_87' title='bbox 834 1534 969 1605; x_wconf 86' lang='lat' dir='ltr'>complecti</span> <span class='ocrx_word' id='word_1_88' title='bbox 982 1536 1101 1605; x_wconf 85' lang='lat' dir='ltr'>poteratl</span> 
     </span>
    </p>

    <p class='ocr_par' dir='ltr' id='par_1_5' title="bbox 127 1604 1271 2381">
     <span class='ocr_line' id='line_1_12' title="bbox 128 1604 1270 1694; baseline 0.008 -21"><span class='ocrx_word' id='word_1_89' title='bbox 128 1619 207 1673; x_wconf 91' lang='lat' dir='ltr'>buius</span> <span class='ocrx_word' id='word_1_90' title='bbox 219 1619 338 1673; x_wconf 78' lang='lat' dir='ltr'>carmims</span> <span class='ocrx_word' id='word_1_91' title='bbox 347 1620 526 1676; x_wconf 82' lang='lat' dir='ltr'>excellentium</span> <span class='ocrx_word' id='word_1_92' title='bbox 531 1622 675 1693; x_wconf 83' lang='lat' dir='ltr'>ponendum</span> <span class='ocrx_word' id='word_1_93' title='bbox 750 1640 777 1677; x_wconf 81' lang='lat' dir='ltr'>v.</span> <span class='ocrx_word' id='word_1_94' title='bbox 797 1624 889 1678; x_wconf 86' lang='grc'><strong>1-8.</strong></span> <span class='ocrx_word' id='word_1_95' title='bbox 907 1622 971 1676; x_wconf 81' lang='lat' dir='ltr'>lust.</span> <span class='ocrx_word' id='word_1_96' title='bbox 986 1640 1019 1675; x_wconf 87' lang='lat' dir='ltr'>ne</span> <span class='ocrx_word' id='word_1_97' title='bbox 1030 1604 1194 1694; x_wconf 56' lang='lat' dir='ltr'>tanpropos.</span> <span class='ocrx_word' id='word_1_98' title='bbox 1207 1629 1270 1681; x_wconf 56' lang='lat' dir='ltr'>airu</span> 
     </span>
     <span class='ocr_line' id='line_1_13' title="bbox 128 1704 1258 1781; baseline 0.01 -22"><span class='ocrx_word' id='word_1_99' title='bbox 128 1722 189 1759; x_wconf 87' lang='lat' dir='ltr'>esse</span> <span class='ocrx_word' id='word_1_100' title='bbox 210 1704 289 1758; x_wconf 77' lang='lat' dir='ltr'>inodo</span> <span class='ocrx_word' id='word_1_101' title='bbox 310 1706 413 1761; x_wconf 86' lang='lat' dir='ltr'>sentiet.</span> <span class='ocrx_word' id='word_1_102' title='bbox 448 1708 558 1763; x_wconf 80' lang='lat' dir='ltr'>Scilicet</span> <span class='ocrx_word' id='word_1_103' title='bbox 570 1717 674 1781; x_wconf 80' lang='lat' dir='ltr'>poetro,</span> <span class='ocrx_word' id='word_1_104' title='bbox 714 1706 798 1762; x_wconf 73' lang='lat' dir='ltr'>virum</span> <span class='ocrx_word' id='word_1_105' title='bbox 813 1705 922 1779; x_wconf 88' lang='lat' dir='ltr'>probum</span> <span class='ocrx_word' id='word_1_106' title='bbox 938 1716 966 1761; x_wconf 90' lang='lat' dir='ltr'>et</span> <span class='ocrx_word' id='word_1_107' title='bbox 983 1707 1073 1774; x_wconf 90' lang='lat' dir='ltr'>iniis,</span> <span class='ocrx_word' id='word_1_108' title='bbox 1089 1727 1159 1779; x_wconf 84' lang='lat' dir='ltr'>quse</span> <span class='ocrx_word' id='word_1_109' title='bbox 1178 1715 1258 1769; x_wconf 85' lang='lat' dir='ltr'>semel</span> 
     </span>
     <span class='ocr_line' id='line_1_14' title="bbox 127 1791 1259 1867; baseline 0.008 -22"><span class='ocrx_word' id='word_1_110' title='bbox 127 1798 162 1845; x_wconf 92' lang='lat' dir='ltr'>ut</span> <span class='ocrx_word' id='word_1_111' title='bbox 173 1791 286 1846; x_wconf 84' lang='lat' dir='ltr'>lectores</span> <span class='ocrx_word' id='word_1_112' title='bbox 297 1810 359 1846; x_wconf 91' lang='lat' dir='ltr'>suos</span> <span class='ocrx_word' id='word_1_113' title='bbox 371 1791 400 1846; x_wconf 91' lang='lat' dir='ltr'>iu</span> <span class='ocrx_word' id='word_1_114' title='bbox 413 1810 444 1847; x_wconf 88' lang='lat' dir='ltr'>re</span> <span class='ocrx_word' id='word_1_115' title='bbox 461 1795 546 1848; x_wconf 77' lang='lat' dir='ltr'>sterili</span> <span class='ocrx_word' id='word_1_116' title='bbox 568 1810 674 1867; x_wconf 86' lang='lat' dir='ltr'>quoquo</span> <span class='ocrx_word' id='word_1_117' title='bbox 713 1796 784 1850; x_wconf 86' lang='lat' dir='ltr'>bona</span> <span class='ocrx_word' id='word_1_118' title='bbox 804 1800 838 1849; x_wconf 84' lang='lat' dir='ltr'>et·</span> <span class='ocrx_word' id='word_1_119' title='bbox 853 1793 962 1847; x_wconf 85' lang='lat' dir='ltr'>honesta</span> <span class='ocrx_word' id='word_1_120' title='bbox 982 1810 1041 1847; x_wconf 88' lang='lat' dir='ltr'>esse</span> <span class='ocrx_word' id='word_1_121' title='bbox 1055 1794 1199 1864; x_wconf 79' lang='lat' dir='ltr'>intellexit,</span> <span class='ocrx_word' id='word_1_122' title='bbox 1216 1799 1259 1858; x_wconf 88' lang='lat' dir='ltr'>in·</span> 
     </span>
     <span class='ocr_line' id='line_1_15' title="bbox 128 1866 1258 1953; baseline 0.008 -22"><span class='ocrx_word' id='word_1_123' title='bbox 128 1876 278 1943; x_wconf 78' lang='lat' dir='ltr'>deleotent,</span> <span class='ocrx_word' id='word_1_124' title='bbox 314 1879 433 1937; x_wconf 86' lang='lat' dir='ltr'>studiose</span> <span class='ocrx_word' id='word_1_125' title='bbox 456 1898 505 1945; x_wconf 86' lang='lat' dir='ltr'>en,</span> <span class='ocrx_word' id='word_1_126' title='bbox 528 1875 673 1953; x_wconf 85' lang='lat' dir='ltr'>inquibus</span> <span class='ocrx_word' id='word_1_127' title='bbox 715 1896 841 1935; x_wconf 89' lang='lat' dir='ltr'>oouousso</span> <span class='ocrx_word' id='word_1_128' title='bbox 867 1877 952 1933; x_wconf 85' lang='lat' dir='ltr'>animo</span> <span class='ocrx_word' id='word_1_129' title='bbox 976 1866 1174 1950; x_wconf 77' lang='lat' dir='ltr'>persistentem3</span> <span class='ocrx_word' id='word_1_130' title='bbox 1201 1884 1258 1939; x_wconf 84' lang='lat' dir='ltr'>lau·</span> 
     </span>
     <span class='ocr_line' id='line_1_16' title="bbox 128 1964 1271 2039; baseline 0.004 -20"><span class='ocrx_word' id='word_1_131' title='bbox 128 1964 313 2019; x_wconf 85' lang='lat' dir='ltr'>adumbrsudis</span> <span class='ocrx_word' id='word_1_132' title='bbox 339 1970 368 2019; x_wconf 90' lang='lat' dir='ltr'>et</span> <span class='ocrx_word' id='word_1_133' title='bbox 392 1968 549 2023; x_wconf 85' lang='lat' dir='ltr'>exornandis</span> <span class='ocrx_word' id='word_1_134' title='bbox 573 1968 673 2039; x_wconf 78' lang='lat' dir='ltr'>ingenii</span> <span class='ocrx_word' id='word_1_135' title='bbox 714 1966 763 2021; x_wconf 77' lang='lat' dir='ltr'>dist</span> <span class='ocrx_word' id='word_1_136' title='bbox 784 1964 868 2034; x_wconf 83' lang='lat' dir='ltr'>igitur</span> <span class='ocrx_word' id='word_1_137' title='bbox 893 1984 949 2020; x_wconf 82' lang='lat' dir='ltr'>eam</span> <span class='ocrx_word' id='word_1_138' title='bbox 964 1971 1063 2021; x_wconf 84' lang='lat' dir='ltr'>tantum</span> <span class='ocrx_word' id='word_1_139' title='bbox 1077 1970 1271 2036; x_wconf 80' lang='lat' dir='ltr'>constantiam,-</span> 
     </span>
     <span class='ocr_line' id='line_1_17' title="bbox 128 2045 1257 2132; baseline 0.006 -28"><span class='ocrx_word' id='word_1_140' title='bbox 128 2051 170 2104; x_wconf 92' lang='lat' dir='ltr'>sui</span> <span class='ocrx_word' id='word_1_141' title='bbox 182 2045 235 2103; x_wconf 81' lang='lat' dir='ltr'>vim</span> <span class='ocrx_word' id='word_1_142' title='bbox 248 2058 381 2121; x_wconf 78' lang='lat' dir='ltr'>artemque</span> <span class='ocrx_word' id='word_1_143' title='bbox 398 2058 532 2109; x_wconf 77' lang='lat' dir='ltr'>ostemare</span> <span class='ocrx_word' id='word_1_144' title='bbox 556 2046 673 2125; x_wconf 76' lang='lat' dir='ltr'>poisont,</span> <span class='ocrx_word' id='word_1_145' title='bbox 714 2069 793 2124; x_wconf 88' lang='lat' dir='ltr'>quam</span> <span class='ocrx_word' id='word_1_146' title='bbox 811 2051 855 2105; x_wconf 84' lang='lat' dir='ltr'>vir</span> <span class='ocrx_word' id='word_1_147' title='bbox 872 2050 958 2106; x_wconf 89' lang='lat' dir='ltr'>iustus</span> <span class='ocrx_word' id='word_1_148' title='bbox 977 2054 1004 2105; x_wconf 91' lang='lat' dir='ltr'>in</span> <span class='ocrx_word' id='word_1_149' title='bbox 1016 2055 1094 2109; x_wconf 89' lang='lat' dir='ltr'>rebus</span> <span class='ocrx_word' id='word_1_150' title='bbox 1106 2054 1182 2110; x_wconf 89' lang='lat' dir='ltr'>iustis</span> <span class='ocrx_word' id='word_1_151' title='bbox 1194 2074 1257 2132; x_wconf 85' lang='lat' dir='ltr'>pro-</span> 
     </span>
     <span class='ocr_line' id='line_1_18' title="bbox 127 2137 1256 2211; baseline 0.004 -18"><span class='ocrx_word' id='word_1_152' title='bbox 127 2137 248 2207; x_wconf 80' lang='lat' dir='ltr'>erripero</span> <span class='ocrx_word' id='word_1_153' title='bbox 269 2138 477 2211; x_wconf 69' lang='lat' dir='ltr'>carminibusque</span> <span class='ocrx_word' id='word_1_154' title='bbox 496 2140 551 2193; x_wconf 91' lang='lat' dir='ltr'>suis</span> <span class='ocrx_word' id='word_1_155' title='bbox 569 2143 673 2197; x_wconf 86' lang='lat' dir='ltr'>insere-</span> <span class='ocrx_word' id='word_1_156' title='bbox 714 2139 771 2193; x_wconf 88' lang='lat' dir='ltr'>bat.</span> <span class='ocrx_word' id='word_1_157' title='bbox 786 2162 822 2179; x_wconf 86' lang='lat'>·-</span> <span class='ocrx_word' id='word_1_158' title='bbox 833 2138 931 2201; x_wconf 73' lang='lat' dir='ltr'>molor,</span> <span class='ocrx_word' id='word_1_159' title='bbox 950 2139 1039 2205; x_wconf 83' lang='lat' dir='ltr'>furor,</span> <span class='ocrx_word' id='word_1_160' title='bbox 1054 2157 1160 2211; x_wconf 81' lang='lat' dir='ltr'>prnon,</span> <span class='ocrx_word' id='word_1_161' title='bbox 1176 2142 1256 2197; x_wconf 88' lang='lat' dir='ltr'>iutel-</span> 
     </span>
     <span class='ocr_line' id='line_1_19' title="bbox 127 2218 1258 2301; baseline 0.004 -22"><span class='ocrx_word' id='word_1_162' title='bbox 127 2240 175 2289; x_wconf 88' lang='lat' dir='ltr'>re,</span> <span class='ocrx_word' id='word_1_163' title='bbox 197 2224 313 2293; x_wconf 81' lang='lat' dir='ltr'>inprimis</span> <span class='ocrx_word' id='word_1_164' title='bbox 333 2240 410 2289; x_wconf 83' lang='lat' dir='ltr'>vero,</span> <span class='ocrx_word' id='word_1_165' title='bbox 435 2242 487 2296; x_wconf 90' lang='lat' dir='ltr'>quo</span> <span class='ocrx_word' id='word_1_166' title='bbox 504 2227 569 2280; x_wconf 84' lang='lat' dir='ltr'>nihil</span> <span class='ocrx_word' id='word_1_167' title='bbox 589 2227 674 2282; x_wconf 83' lang='lat' dir='ltr'>adle-</span> <span class='ocrx_word' id='word_1_168' title='bbox 713 2224 769 2295; x_wconf 80' lang='lat' dir='ltr'>liga</span> <span class='ocrx_word' id='word_1_169' title='bbox 790 2240 836 2277; x_wconf 86' lang='lat' dir='ltr'>res</span> <span class='ocrx_word' id='word_1_170' title='bbox 851 2239 950 2289; x_wconf 82' lang='lat' dir='ltr'>novus,</span> <span class='ocrx_word' id='word_1_171' title='bbox 966 2218 1124 2295; x_wconf 77' lang='lat' dir='ltr'>seditiones,¹</span> <span class='ocrx_word' id='word_1_172' title='bbox 1142 2230 1258 2301; x_wconf 88' lang='lat' dir='ltr'>etquid·</span> 
     </span>
     <span class='ocr_line' id='line_1_20' title="bbox 127 2308 1258 2381; baseline 0.006 -17"><span class='ocrx_word' id='word_1_173' title='bbox 127 2316 229 2364; x_wconf 69' lang='lat' dir='ltr'>dorum</span> <span class='ocrx_word' id='word_1_174' title='bbox 247 2309 344 2364; x_wconf 87' lang='lat' dir='ltr'>animos</span> <span class='ocrx_word' id='word_1_175' title='bbox 365 2310 521 2366; x_wconf 87' lang='lat' dir='ltr'>detinendos</span> <span class='ocrx_word' id='word_1_176' title='bbox 540 2313 674 2367; x_wconf 83' lang='lat' dir='ltr'>efficacius</span> <span class='ocrx_word' id='word_1_177' title='bbox 715 2310 779 2381; x_wconf 90' lang='lat' dir='ltr'>quid</span> <span class='ocrx_word' id='word_1_178' title='bbox 792 2308 867 2380; x_wconf 80' lang='lat' dir='ltr'>patri</span> <span class='ocrx_word' id='word_1_179' title='bbox 882 2308 953 2363; x_wconf 82' lang='lat' dir='ltr'>cives</span> <span class='ocrx_word' id='word_1_180' title='bbox 967 2317 1056 2365; x_wconf 86' lang='lat' dir='ltr'>coutrs</span> <span class='ocrx_word' id='word_1_181' title='bbox 1063 2312 1258 2370; x_wconf 75' lang='lat' dir='ltr'>civitatissslu·</span> 
     </span>
    </p>
   </div>
   <div class='ocr_carea' id='block_1_5' title="bbox 8 2395 1353 2557">
    <p class='ocr_par' dir='ltr' id='par_1_6' title="bbox 8 2395 1353 2557">
     <span class='ocr_line' id='line_1_21' title="bbox 8 2395 1256 2469; baseline 0.006 -21"><span class='ocrx_word' id='word_1_182' title='bbox 8 2458 12 2465; x_wconf 31' lang='grc' dir='ltr'>Ι</span> <span class='ocrx_word' id='word_1_183' title='bbox 127 2401 186 2459; x_wconf 86' lang='lat' dir='ltr'>est,</span> <span class='ocrx_word' id='word_1_184' title='bbox 211 2411 336 2465; x_wconf 76' lang='lat' dir='ltr'>personas</span> <span class='ocrx_word' id='word_1_185' title='bbox 353 2403 405 2450; x_wconf 67' lang='lat' dir='ltr'>mm</span> <span class='ocrx_word' id='word_1_186' title='bbox 420 2404 531 2466; x_wconf 82' lang='lat' dir='ltr'>ugentes</span> <span class='ocrx_word' id='word_1_187' title='bbox 545 2416 621 2469; x_wconf 85' lang='lat' dir='ltr'>quom</span> <span class='ocrx_word' id='word_1_188' title='bbox 634 2400 676 2452; x_wconf 91' lang='lat' dir='ltr'>lo-</span> <span class='ocrx_word' id='word_1_189' title='bbox 714 2404 768 2451; x_wconf 84' lang='lat' dir='ltr'>tem</span> <span class='ocrx_word' id='word_1_190' title='bbox 786 2402 814 2450; x_wconf 90' lang='lat' dir='ltr'>ot</span> <span class='ocrx_word' id='word_1_191' title='bbox 832 2395 1032 2451; x_wconf 85' lang='lat' dir='ltr'>incolumitatem</span> <span class='ocrx_word' id='word_1_192' title='bbox 1051 2399 1199 2457; x_wconf 89' lang='lat' dir='ltr'>moliuntur.</span> <span class='ocrx_word' id='word_1_193' title='bbox 1219 2430 1256 2445; x_wconf 85' lang='lat'>-</span> 
     </span>
     <span class='ocr_line' id='line_1_22' title="bbox 127 2483 1353 2557; baseline 0.008 -23"><span class='ocrx_word' id='word_1_194' title='bbox 127 2487 239 2551; x_wconf 80' lang='lat' dir='ltr'>quantes</span> <span class='ocrx_word' id='word_1_195' title='bbox 263 2483 392 2538; x_wconf 78' lang='lat' dir='ltr'>inducere</span> <span class='ocrx_word' id='word_1_196' title='bbox 411 2485 505 2538; x_wconf 84' lang='lat' dir='ltr'>solent.</span> <span class='ocrx_word' id='word_1_197' title='bbox 539 2486 674 2540; x_wconf 78' lang='lat' dir='ltr'>Felicissi·</span> <span class='ocrx_word' id='word_1_198' title='bbox 715 2487 818 2550; x_wconf 81' lang='lat' dir='ltr'>uultus,</span> <span class='ocrx_word' id='word_1_199' title='bbox 841 2483 928 2536; x_wconf 85' lang='lat' dir='ltr'>minax</span> <span class='ocrx_word' id='word_1_200' title='bbox 949 2501 1040 2557; x_wconf 82' lang='lat' dir='ltr'>nempe</span> <span class='ocrx_word' id='word_1_201' title='bbox 1062 2492 1090 2541; x_wconf 89' lang='lat' dir='ltr'>et</span> <span class='ocrx_word' id='word_1_202' title='bbox 1109 2492 1254 2544; x_wconf 74' lang='lat' dir='ltr'>torvus-</span> <span class='ocrx_word' id='word_1_203' title='bbox 1350 2504 1353 2512; x_wconf 90' lang='grc'><strong><em>·</em></strong></span> 
     </span>
    </p>
   </div>
   <div class='ocr_carea' id='block_1_6' title="bbox 126 2567 1257 2643">
    <p class='ocr_par' dir='ltr' id='par_1_7' title="bbox 126 2567 1257 2643">
     <span class='ocr_line' id='line_1_23' title="bbox 126 2567 1257 2643; baseline 0.009 -22"><span class='ocrx_word' id='word_1_204' title='bbox 126 2584 170 2621; x_wconf 86' lang='lat' dir='ltr'>me</span> <span class='ocrx_word' id='word_1_205' title='bbox 198 2567 285 2635; x_wconf 81' lang='lat' dir='ltr'>igitur</span> <span class='ocrx_word' id='word_1_206' title='bbox 311 2577 415 2638; x_wconf 88' lang='lat' dir='ltr'>poetam</span> <span class='ocrx_word' id='word_1_207' title='bbox 439 2571 553 2626; x_wconf 83' lang='lat' dir='ltr'>artificio</span> <span class='ocrx_word' id='word_1_208' title='bbox 579 2571 624 2626; x_wconf 93' lang='lat' dir='ltr'>illo</span> <span class='ocrx_word' id='word_1_209' title='bbox 644 2573 673 2626; x_wconf 93' lang='lat' dir='ltr'>in</span> <span class='ocrx_word' id='word_1_210' title='bbox 715 2579 800 2624; x_wconf 84' lang='lat' dir='ltr'>mente</span> <span class='ocrx_word' id='word_1_211' title='bbox 814 2571 1012 2639; x_wconf 67' lang='lat' dir='ltr'>quantitudinis,</span> <span class='ocrx_word' id='word_1_212' title='bbox 1031 2571 1214 2643; x_wconf 87' lang='lat' dir='ltr'>itaimpellere</span> <span class='ocrx_word' id='word_1_213' title='bbox 1229 2582 1257 2630; x_wconf 91' lang='lat' dir='ltr'>et</span> 
     </span>
    </p>
   </div>
   <div class='ocr_carea' id='block_1_7' title="bbox 126 2653 1354 2726">
    <p class='ocr_par' dir='ltr' id='par_1_8' title="bbox 126 2653 1354 2726">
     <span class='ocr_line' id='line_1_24' title="bbox 126 2653 1354 2726; baseline 0.008 -20"><span class='ocrx_word' id='word_1_214' title='bbox 126 2653 383 2708; x_wconf 83' lang='lat' dir='ltr'>boocarminensum</span> <span class='ocrx_word' id='word_1_215' title='bbox 396 2675 455 2712; x_wconf 84' lang='lat' dir='ltr'>esso</span> <span class='ocrx_word' id='word_1_216' title='bbox 468 2657 584 2712; x_wconf 81' lang='lat' dir='ltr'>dixerim.</span> <span class='ocrx_word' id='word_1_217' title='bbox 604 2658 673 2723; x_wconf 76' lang='lat' dir='ltr'>Quis</span> <span class='ocrx_word' id='word_1_218' title='bbox 714 2661 854 2710; x_wconf 73' lang='lat' dir='ltr'>concutere</span> <span class='ocrx_word' id='word_1_219' title='bbox 867 2655 954 2722; x_wconf 83' lang='lat' dir='ltr'>valet,</span> <span class='ocrx_word' id='word_1_220' title='bbox 969 2664 1000 2710; x_wconf 90' lang='lat' dir='ltr'>ut</span> <span class='ocrx_word' id='word_1_221' title='bbox 1010 2673 1081 2712; x_wconf 88' lang='lat' dir='ltr'>mens</span> <span class='ocrx_word' id='word_1_222' title='bbox 1092 2658 1149 2712; x_wconf 88' lang='lat' dir='ltr'>eius</span> <span class='ocrx_word' id='word_1_223' title='bbox 1160 2662 1256 2726; x_wconf 77' lang='lat' dir='ltr'>eolides,</span> <span class='ocrx_word' id='word_1_224' title='bbox 1351 2703 1354 2716; x_wconf 88' lang='lat'>.</span> 
     </span>
    </p>
   </div>
   <div class='ocr_carea' id='block_1_8' title="bbox 126 2738 1308 2984">
    <p class='ocr_par' dir='ltr' id='par_1_9' title="bbox 126 2738 1308 2984">
     <span class='ocr_line' id='line_1_25' title="bbox 127 2738 1258 2815; baseline 0.002 -21"><span class='ocrx_word' id='word_1_225' title='bbox 127 2746 171 2794; x_wconf 88' lang='lat' dir='ltr'>est</span> <span class='ocrx_word' id='word_1_226' title='bbox 188 2741 272 2805; x_wconf 91' lang='lat' dir='ltr'>euim,</span> <span class='ocrx_word' id='word_1_227' title='bbox 294 2756 371 2810; x_wconf 88' lang='lat' dir='ltr'>quem</span> <span class='ocrx_word' id='word_1_228' title='bbox 390 2743 419 2796; x_wconf 90' lang='lat' dir='ltr'>in</span> <span class='ocrx_word' id='word_1_229' title='bbox 439 2761 471 2796; x_wconf 91' lang='lat' dir='ltr'>eo</span> <span class='ocrx_word' id='word_1_230' title='bbox 506 2746 564 2798; x_wconf 81' lang='lat' dir='ltr'>nou&#39;</span> <span class='ocrx_word' id='word_1_231' title='bbox 584 2745 672 2815; x_wconf 87' lang='lat' dir='ltr'>capiat</span> <span class='ocrx_word' id='word_1_232' title='bbox 714 2741 742 2798; x_wconf 89' lang='lat' dir='ltr'>b.</span> <span class='ocrx_word' id='word_1_233' title='bbox 761 2759 785 2796; x_wconf 87' lang='lat' dir='ltr'>e.</span> <span class='ocrx_word' id='word_1_234' title='bbox 809 2738 961 2808; x_wconf 85' lang='lat' dir='ltr'>immobilia,</span> <span class='ocrx_word' id='word_1_235' title='bbox 987 2743 1021 2798; x_wconf 88' lang='lat' dir='ltr'>de</span> <span class='ocrx_word' id='word_1_236' title='bbox 1040 2747 1112 2796; x_wconf 85' lang='lat' dir='ltr'>stetu</span> <span class='ocrx_word' id='word_1_237' title='bbox 1126 2761 1174 2799; x_wconf 92' lang='lat' dir='ltr'>sno</span> <span class='ocrx_word' id='word_1_238' title='bbox 1189 2746 1258 2800; x_wconf 69' lang='lat' dir='ltr'>oen.</span> 
     </span>
     <span class='ocr_line' id='line_1_26' title="bbox 126 2826 1308 2912; baseline 0.007 -34"><span class='ocrx_word' id='word_1_239' title='bbox 126 2827 283 2897; x_wconf 77' lang='lat' dir='ltr'>gravissimo</span> <span class='ocrx_word' id='word_1_240' title='bbox 296 2826 521 2883; x_wconf 83' lang='lat' dir='ltr'>Iunonisoratiol</span> <span class='ocrx_word' id='word_1_241' title='bbox 539 2838 567 2884; x_wconf 91' lang='lat' dir='ltr'>et</span> <span class='ocrx_word' id='word_1_242' title='bbox 580 2831 671 2901; x_wconf 85' lang='lat' dir='ltr'>quirin</span> <span class='ocrx_word' id='word_1_243' title='bbox 715 2829 807 2883; x_wconf 81' lang='lat' dir='ltr'>cintus.</span> <span class='ocrx_word' id='word_1_244' title='bbox 842 2827 915 2882; x_wconf 89' lang='lat' dir='ltr'>Beue</span> <span class='ocrx_word' id='word_1_245' title='bbox 929 2827 963 2880; x_wconf 90' lang='lat' dir='ltr'>ad</span> <span class='ocrx_word' id='word_1_246' title='bbox 976 2843 1031 2881; x_wconf 85' lang='lat' dir='ltr'>rem</span> <span class='ocrx_word' id='word_1_247' title='bbox 1052 2837 1204 2899; x_wconf 83' lang='lat' dir='ltr'>comparent</span> <span class='ocrx_word' id='word_1_248' title='bbox 1222 2832 1257 2886; x_wconf 92' lang='lat' dir='ltr'>il-</span> <span class='ocrx_word' id='word_1_249' title='bbox 1305 2903 1308 2912; x_wconf 91' lang='lat'><em>.</em></span> 
     </span>
     <span class='ocr_line' id='line_1_27' title="bbox 126 2912 1257 2984; baseline 0.004 -17"><span class='ocrx_word' id='word_1_250' title='bbox 126 2912 187 2967; x_wconf 86' lang='lat' dir='ltr'>aliis</span> <span class='ocrx_word' id='word_1_251' title='bbox 223 2919 317 2982; x_wconf 87' lang='lat' dir='ltr'>poetae</span> <span class='ocrx_word' id='word_1_252' title='bbox 351 2915 436 2968; x_wconf 88' lang='lat' dir='ltr'>nostri</span> <span class='ocrx_word' id='word_1_253' title='bbox 467 2915 672 2984; x_wconf 75' lang='lat' dir='ltr'>digressionibus</span> <span class='ocrx_word' id='word_1_254' title='bbox 712 2912 886 2967; x_wconf 84' lang='lat' dir='ltr'>ludluvanal.</span> <span class='ocrx_word' id='word_1_255' title='bbox 903 2913 1257 2974; x_wconf 61' lang='lat' dir='ltr'>vl11.79.¹1²unanonns</span> 
     </span>
    </p>
   </div>
   <div class='ocr_carea' id='block_1_9' title="bbox 126 2996 1358 3081">
    <p class='ocr_par' dir='ltr' id='par_1_10' title="bbox 126 2996 1358 3081">
     <span class='ocr_line' id='line_1_28' title="bbox 126 2996 1358 3081; baseline 0.003 -29"><span class='ocrx_word' id='word_1_256' title='bbox 126 2996 305 3081; x_wconf 80' lang='lat' dir='ltr'>lopgioribus,</span> <span class='ocrx_word' id='word_1_257' title='bbox 323 3000 460 3052; x_wconf 73' lang='lat' dir='ltr'>meinis.</span> <span class='ocrx_word' id='word_1_258' title='bbox 473 3000 530 3064; x_wconf 90' lang='lat'>111,</span> <span class='ocrx_word' id='word_1_259' title='bbox 545 3003 572 3058; x_wconf 83' lang='lat'>5.</span> <span class='ocrx_word' id='word_1_260' title='bbox 586 3009 613 3054; x_wconf 84' lang='lat' dir='ltr'>et</span> <span class='ocrx_word' id='word_1_261' title='bbox 627 3002 671 3056; x_wconf 84' lang='lat'>27.</span> <span class='ocrx_word' id='word_1_262' title='bbox 711 3001 837 3068; x_wconf 83' lang='lat' dir='ltr'>imperet,</span> <span class='ocrx_word' id='word_1_263' title='bbox 867 3005 898 3052; x_wconf 82' lang='lat' dir='ltr'>or</span> <span class='ocrx_word' id='word_1_264' title='bbox 917 2999 953 3052; x_wconf 84' lang='lat' dir='ltr'>sis</span> <span class='ocrx_word' id='word_1_265' title='bbox 970 3000 1080 3066; x_wconf 78' lang='lat' dir='ltr'>Falsus,</span> <span class='ocrx_word' id='word_1_266' title='bbox 1103 3009 1131 3057; x_wconf 82' lang='lat' dir='ltr'>et</span> <span class='ocrx_word' id='word_1_267' title='bbox 1148 3003 1256 3058; x_wconf 84' lang='lat' dir='ltr'>admoto</span> <span class='ocrx_word' id='word_1_268' title='bbox 1352 3039 1358 3056; x_wconf 71' lang='grc'><strong>.</strong></span> 
     </span>
    </p>
   </div>
   <div class='ocr_carea' id='block_1_10' title="bbox 125 3085 1324 3507">
    <p class='ocr_par' dir='ltr' id='par_1_11' title="bbox 125 3085 1324 3507">
     <span class='ocr_line' id='line_1_29' title="bbox 126 3085 1324 3158; baseline 0.006 -20"><span class='ocrx_word' id='word_1_269' title='bbox 126 3101 178 3149; x_wconf 84' lang='lat' dir='ltr'>ee,</span> <span class='ocrx_word' id='word_1_270' title='bbox 194 3100 262 3154; x_wconf 86' lang='lat' dir='ltr'>qnae</span> <span class='ocrx_word' id='word_1_271' title='bbox 274 3085 428 3152; x_wconf 73' lang='lat' dir='ltr'>Reguluset</span> <span class='ocrx_word' id='word_1_272' title='bbox 440 3085 549 3157; x_wconf 80' lang='lat' dir='ltr'>Europe</span> <span class='ocrx_word' id='word_1_273' title='bbox 560 3088 673 3158; x_wconf 83' lang='lat' dir='ltr'>loquun-</span> <span class='ocrx_word' id='word_1_274' title='bbox 713 3087 796 3140; x_wconf 80' lang='lat' dir='ltr'>dictet</span> <span class='ocrx_word' id='word_1_275' title='bbox 812 3086 931 3154; x_wconf 78' lang='lat' dir='ltr'>periuria</span> <span class='ocrx_word' id='word_1_276' title='bbox 946 3093 1034 3140; x_wconf 82' lang='lat' dir='ltr'>tauro.</span> <span class='ocrx_word' id='word_1_277' title='bbox 1050 3113 1086 3128; x_wconf 91' lang='lat'>-·</span> <span class='ocrx_word' id='word_1_278' title='bbox 1102 3105 1183 3158; x_wconf 86' lang='lat' dir='ltr'>neque</span> <span class='ocrx_word' id='word_1_279' title='bbox 1198 3091 1257 3145; x_wconf 79' lang='lat' dir='ltr'>Au-</span> <span class='ocrx_word' id='word_1_280' title='bbox 1322 3099 1324 3106; x_wconf 65' lang='lat'><strong><em>⁴</em></strong></span> 
     </span>
     <span class='ocr_line' id='line_1_30' title="bbox 125 3170 1256 3242; baseline 0.004 -17"><span class='ocrx_word' id='word_1_281' title='bbox 125 3179 184 3236; x_wconf 87' lang='lat' dir='ltr'>tur,</span> <span class='ocrx_word' id='word_1_282' title='bbox 209 3170 267 3224; x_wconf 87' lang='lat' dir='ltr'>sine</span> <span class='ocrx_word' id='word_1_283' title='bbox 282 3187 380 3224; x_wconf 88' lang='lat' dir='ltr'>summa</span> <span class='ocrx_word' id='word_1_284' title='bbox 392 3170 565 3227; x_wconf 82' lang='lat' dir='ltr'>delectatione</span> <span class='ocrx_word' id='word_1_285' title='bbox 584 3180 613 3227; x_wconf 91' lang='lat' dir='ltr'>et</span> <span class='ocrx_word' id='word_1_286' title='bbox 624 3173 673 3227; x_wconf 88' lang='lat' dir='ltr'>sd·</span> <span class='ocrx_word' id='word_1_287' title='bbox 712 3180 781 3235; x_wconf 81' lang='lat' dir='ltr'>ster,</span> <span class='ocrx_word' id='word_1_288' title='bbox 800 3171 852 3224; x_wconf 76' lang='lat' dir='ltr'>due</span> <span class='ocrx_word' id='word_1_289' title='bbox 865 3171 936 3240; x_wconf 85' lang='lat' dir='ltr'>inqu.</span> <span class='ocrx_word' id='word_1_290' title='bbox 942 3173 1009 3224; x_wconf 83' lang='lat' dir='ltr'>turb.</span> <span class='ocrx_word' id='word_1_291' title='bbox 1024 3171 1111 3228; x_wconf 83' lang='lat' dir='ltr'>Hndr.</span> <span class='ocrx_word' id='word_1_292' title='bbox 1123 3177 1186 3242; x_wconf 84' lang='lat' dir='ltr'>cett.</span> <span class='ocrx_word' id='word_1_293' title='bbox 1206 3193 1256 3230; x_wconf 85' lang='lat' dir='ltr'>neo</span> 
     </span>
     <span class='ocr_line' id='line_1_31' title="bbox 125 3244 1257 3328; baseline 0.003 -17"><span class='ocrx_word' id='word_1_294' title='bbox 125 3244 262 3311; x_wconf 82' lang='lat' dir='ltr'>miratione</span> <span class='ocrx_word' id='word_1_295' title='bbox 274 3257 363 3326; x_wconf 75' lang='lat' dir='ltr'>legere</span> <span class='ocrx_word' id='word_1_296' title='bbox 374 3258 484 3328; x_wconf 74' lang='lat' dir='ltr'>potest</span> <span class='ocrx_word' id='word_1_297' title='bbox 500 3260 625 3314; x_wconf 81' lang='lat' dir='ltr'>Dicebam</span> <span class='ocrx_word' id='word_1_298' title='bbox 638 3261 672 3313; x_wconf 88' lang='lat' dir='ltr'>ub</span> <span class='ocrx_word' id='word_1_299' title='bbox 693 3254 696 3260; x_wconf 77' lang='grc'><strong>’</strong></span> <span class='ocrx_word' id='word_1_300' title='bbox 712 3262 801 3312; x_wconf 80' lang='lat' dir='ltr'>reruni</span> <span class='ocrx_word' id='word_1_301' title='bbox 812 3255 976 3326; x_wconf 84' lang='lat' dir='ltr'>physicarum</span> <span class='ocrx_word' id='word_1_302' title='bbox 997 3255 1138 3323; x_wconf 83' lang='lat' dir='ltr'>violentia,</span> <span class='ocrx_word' id='word_1_303' title='bbox 1160 3277 1257 3316; x_wconf 75' lang='lat' dir='ltr'>mesae</span> 
     </span>
     <span class='ocr_line' id='line_1_32' title="bbox 125 3341 1257 3412; baseline 0 -14"><span class='ocrx_word' id='word_1_304' title='bbox 125 3344 211 3410; x_wconf 88' lang='lat' dir='ltr'>initio,</span> <span class='ocrx_word' id='word_1_305' title='bbox 224 3347 386 3398; x_wconf 86' lang='lat' dir='ltr'>bocoormen</span> <span class='ocrx_word' id='word_1_306' title='bbox 400 3343 428 3396; x_wconf 90' lang='lat' dir='ltr'>in</span> <span class='ocrx_word' id='word_1_307' title='bbox 440 3345 540 3400; x_wconf 85' lang='lat' dir='ltr'>leudem</span> <span class='ocrx_word' id='word_1_308' title='bbox 554 3345 673 3400; x_wconf 86' lang='lat' dir='ltr'>iustitias</span> <span class='ocrx_word' id='word_1_309' title='bbox 710 3349 882 3412; x_wconf 87' lang='lat' dir='ltr'>tempestatas</span> <span class='ocrx_word' id='word_1_310' title='bbox 902 3347 930 3396; x_wconf 86' lang='lat' dir='ltr'>et</span> <span class='ocrx_word' id='word_1_311' title='bbox 949 3341 1083 3398; x_wconf 87' lang='lat' dir='ltr'>fulminum</span> <span class='ocrx_word' id='word_1_312' title='bbox 1100 3342 1195 3399; x_wconf 79' lang='lat' dir='ltr'>iectus.</span> <span class='ocrx_word' id='word_1_313' title='bbox 1218 3354 1257 3392; x_wconf 81' lang='lat'>¹·-</span> 
     </span>
     <span class='ocr_line' id='line_1_33' title="bbox 127 3427 1293 3507; baseline 0.003 -24"><span class='ocrx_word' id='word_1_314' title='bbox 127 3437 156 3483; x_wconf 93' lang='lat' dir='ltr'>et</span> <span class='ocrx_word' id='word_1_315' title='bbox 171 3430 334 3507; x_wconf 77' lang='lat' dir='ltr'>constantiae</span> <span class='ocrx_word' id='word_1_316' title='bbox 348 3430 474 3501; x_wconf 86' lang='lat' dir='ltr'>scriptum</span> <span class='ocrx_word' id='word_1_317' title='bbox 487 3450 546 3486; x_wconf 88' lang='lat' dir='ltr'>esse</span> <span class='ocrx_word' id='word_1_318' title='bbox 577 3433 670 3498; x_wconf 77' lang='lat' dir='ltr'>Quidl</span> <span class='ocrx_word' id='word_1_319' title='bbox 710 3431 849 3494; x_wconf 82' lang='lat' dir='ltr'>turbidus,</span> <span class='ocrx_word' id='word_1_320' title='bbox 873 3445 911 3482; x_wconf 88' lang='lat' dir='ltr'>sc.</span> <span class='ocrx_word' id='word_1_321' title='bbox 931 3427 987 3494; x_wconf 87' lang='lat' dir='ltr'>ira,</span> <span class='ocrx_word' id='word_1_322' title='bbox 1005 3427 1030 3482; x_wconf 89' lang='lat' dir='ltr'>b.</span> <span class='ocrx_word' id='word_1_323' title='bbox 1046 3446 1069 3483; x_wconf 82' lang='lat' dir='ltr'>e</span> <span class='ocrx_word' id='word_1_324' title='bbox 1084 3432 1255 3486; x_wconf 82' lang='lat' dir='ltr'>truculentus.</span> <span class='ocrx_word' id='word_1_325' title='bbox 1291 3443 1293 3448; x_wconf 87' lang='grc'><strong>’</strong></span> 
     </span>
    </p>
   </div>
   <div class='ocr_carea' id='block_1_11' title="bbox 18 3504 1257 3587">
    <p class='ocr_par' dir='ltr' id='par_1_12' title="bbox 18 3504 1257 3587">
     <span class='ocr_line' id='line_1_34' title="bbox 18 3504 1257 3587; baseline 0.002 -19"><span class='ocrx_word' id='word_1_326' title='bbox 18 3561 22 3568; x_wconf 97' lang='grc'><strong>.</strong></span> <span class='ocrx_word' id='word_1_327' title='bbox 125 3515 151 3570; x_wconf 91' lang='lat' dir='ltr'>si</span> <span class='ocrx_word' id='word_1_328' title='bbox 165 3520 247 3570; x_wconf 88' lang='lat' dir='ltr'>totum</span> <span class='ocrx_word' id='word_1_329' title='bbox 265 3518 315 3570; x_wconf 93' lang='lat' dir='ltr'>boc</span> <span class='ocrx_word' id='word_1_330' title='bbox 335 3530 438 3572; x_wconf 86' lang='lat' dir='ltr'>carmen</span> <span class='ocrx_word' id='word_1_331' title='bbox 458 3526 561 3587; x_wconf 90' lang='lat' dir='ltr'>poetam</span> <span class='ocrx_word' id='word_1_332' title='bbox 584 3537 616 3573; x_wconf 90' lang='lat' dir='ltr'>eo</span> <span class='ocrx_word' id='word_1_333' title='bbox 628 3504 671 3572; x_wconf 81' lang='lat' dir='ltr'>in·</span> <span class='ocrx_word' id='word_1_334' title='bbox 709 3517 757 3570; x_wconf 85' lang='lat' dir='ltr'>Sio</span> <span class='ocrx_word' id='word_1_335' title='bbox 769 3515 877 3572; x_wconf 85' lang='lat' dir='ltr'>Turnus</span> <span class='ocrx_word' id='word_1_336' title='bbox 889 3514 960 3585; x_wconf 88' lang='lat' dir='ltr'>apud</span> <span class='ocrx_word' id='word_1_337' title='bbox 973 3513 1049 3584; x_wconf 75' lang='lat' dir='ltr'>Virq.</span> <span class='ocrx_word' id='word_1_338' title='bbox 1068 3513 1136 3568; x_wconf 74' lang='lat' dir='ltr'>Asu.</span> <span class='ocrx_word' id='word_1_339' title='bbox 1149 3515 1196 3570; x_wconf 80' lang='lat' dir='ltr'>ix.</span> <span class='ocrx_word' id='word_1_340' title='bbox 1209 3518 1257 3572; x_wconf 78' lang='lat'>5⁷.</span> 
     </span>
    </p>
   </div>
   <div class='ocr_carea' id='block_1_12' title="bbox 106 3597 1300 4534">
    <p class='ocr_par' dir='ltr' id='par_1_13' title="bbox 106 3597 1300 4534">
     <span class='ocr_line' id='line_1_35' title="bbox 125 3597 1256 3684; baseline 0.002 -30"><span class='ocrx_word' id='word_1_341' title='bbox 125 3601 217 3671; x_wconf 89' lang='lat' dir='ltr'>primis</span> <span class='ocrx_word' id='word_1_342' title='bbox 235 3603 360 3667; x_wconf 77' lang='lat' dir='ltr'>courdio,</span> <span class='ocrx_word' id='word_1_343' title='bbox 384 3612 415 3658; x_wconf 90' lang='lat' dir='ltr'>ut</span> <span class='ocrx_word' id='word_1_344' title='bbox 439 3607 589 3675; x_wconf 76' lang='lat' dir='ltr'>Augustum</span> <span class='ocrx_word' id='word_1_345' title='bbox 607 3610 670 3659; x_wconf 80' lang='lat' dir='ltr'>ton·</span> <span class='ocrx_word' id='word_1_346' title='bbox 709 3633 747 3644; x_wconf 89' lang='lat'><em>-</em></span> <span class='ocrx_word' id='word_1_347' title='bbox 764 3605 815 3658; x_wconf 82' lang='lat' dir='ltr'>buc</span> <span class='ocrx_word' id='word_1_348' title='bbox 840 3597 1006 3657; x_wconf 72' lang='lat' dir='ltr'>torridus</span> <span class='ocrx_word' id='word_1_349' title='bbox 1026 3608 1104 3670; x_wconf 76' lang='lat' dir='ltr'>ntprse</span> <span class='ocrx_word' id='word_1_350' title='bbox 1125 3601 1176 3654; x_wconf 79' lang='lat' dir='ltr'>huo</span> <span class='ocrx_word' id='word_1_351' title='bbox 1198 3604 1256 3684; x_wconf 49' lang='lat' dir='ltr'>Lu·⁴</span> 
     </span>
     <span class='ocr_line' id='line_1_36' title="bbox 126 3687 1257 3766; baseline 0.001 -25"><span class='ocrx_word' id='word_1_352' title='bbox 126 3706 205 3758; x_wconf 83' lang='lat' dir='ltr'>quens</span> <span class='ocrx_word' id='word_1_353' title='bbox 224 3691 308 3742; x_wconf 85' lang='lat' dir='ltr'>Deum</span> <span class='ocrx_word' id='word_1_354' title='bbox 326 3692 442 3744; x_wconf 78' lang='lat' dir='ltr'>Deorum</span> <span class='ocrx_word' id='word_1_355' title='bbox 454 3693 588 3766; x_wconf 73' lang='lat' dir='ltr'>ordinibus</span> <span class='ocrx_word' id='word_1_356' title='bbox 600 3693 670 3744; x_wconf 82' lang='lat' dir='ltr'>inse-</span> <span class='ocrx_word' id='word_1_357' title='bbox 709 3697 784 3744; x_wconf 75' lang='lat' dir='ltr'>stent</span> <span class='ocrx_word' id='word_1_358' title='bbox 802 3705 866 3759; x_wconf 74' lang='lat' dir='ltr'>epiro</span> <span class='ocrx_word' id='word_1_359' title='bbox 887 3703 988 3740; x_wconf 73' lang='lat' dir='ltr'>murore</span> <span class='ocrx_word' id='word_1_360' title='bbox 1015 3691 1042 3740; x_wconf 89' lang='lat' dir='ltr'>et</span> <span class='ocrx_word' id='word_1_361' title='bbox 1060 3689 1126 3740; x_wconf 78' lang='lat' dir='ltr'>Aen.</span> <span class='ocrx_word' id='word_1_362' title='bbox 1145 3687 1180 3742; x_wconf 85' lang='grc' dir='ltr'>Χ.</span> <span class='ocrx_word' id='word_1_363' title='bbox 1192 3691 1257 3746; x_wconf 67' lang='lat'>76³,</span> 
     </span>
     <span class='ocr_line' id='line_1_37' title="bbox 125 3773 1255 3855; baseline 0 -29"><span class='ocrx_word' id='word_1_364' title='bbox 125 3781 210 3838; x_wconf 74' lang='lat' dir='ltr'>emt,</span> <span class='ocrx_word' id='word_1_365' title='bbox 227 3775 365 3855; x_wconf 62' lang='lat' dir='ltr'>scripsipm</span> <span class='ocrx_word' id='word_1_366' title='bbox 376 3777 513 3831; x_wconf 70' lang='lat' dir='ltr'>dicamus?</span> <span class='ocrx_word' id='word_1_367' title='bbox 538 3778 590 3831; x_wconf 81' lang='lat' dir='ltr'>Est</span> <span class='ocrx_word' id='word_1_368' title='bbox 602 3776 670 3832; x_wconf 86' lang='lat' dir='ltr'>enim</span> <span class='ocrx_word' id='word_1_369' title='bbox 711 3776 875 3832; x_wconf 72' lang='lat' dir='ltr'>Mezentium</span> <span class='ocrx_word' id='word_1_370' title='bbox 898 3776 937 3828; x_wconf 83' lang='lat' dir='ltr'>Ar</span> <span class='ocrx_word' id='word_1_371' title='bbox 955 3790 1016 3826; x_wconf 86' lang='lat' dir='ltr'>uero</span> <span class='ocrx_word' id='word_1_372' title='bbox 1033 3773 1172 3844; x_wconf 73' lang='lat' dir='ltr'>ingentem</span> <span class='ocrx_word' id='word_1_373' title='bbox 1186 3793 1255 3843; x_wconf 49' lang='lat' dir='ltr'>¹qusn-</span> 
     </span>
     <span class='ocr_line' id='line_1_38' title="bbox 126 3857 1256 3931; baseline 0.004 -21"><span class='ocrx_word' id='word_1_374' title='bbox 126 3857 192 3910; x_wconf 81' lang='lat' dir='ltr'>bueo</span> <span class='ocrx_word' id='word_1_375' title='bbox 206 3865 339 3928; x_wconf 87' lang='lat' dir='ltr'>poetarum</span> <span class='ocrx_word' id='word_1_376' title='bbox 352 3861 494 3931; x_wconf 82' lang='lat' dir='ltr'>lyricorum</span> <span class='ocrx_word' id='word_1_377' title='bbox 505 3881 558 3928; x_wconf 88' lang='lat' dir='ltr'>ars,</span> <span class='ocrx_word' id='word_1_378' title='bbox 576 3871 670 3918; x_wconf 87' lang='lat' dir='ltr'>utsae-</span> <span class='ocrx_word' id='word_1_379' title='bbox 710 3863 779 3916; x_wconf 78' lang='lat' dir='ltr'>tiens</span> <span class='ocrx_word' id='word_1_380' title='bbox 792 3862 937 3915; x_wconf 73' lang='lat' dir='ltr'>Mezentius</span> <span class='ocrx_word' id='word_1_381' title='bbox 950 3862 1064 3926; x_wconf 77' lang='lat' dir='ltr'>bustum,</span> <span class='ocrx_word' id='word_1_382' title='bbox 1081 3859 1256 3914; x_wconf 76' lang='lat' dir='ltr'>Turbidus</span> 
     </span>
     <span class='ocr_line' id='line_1_39' title="bbox 126 3941 1256 4020; baseline 0.002 -24"><span class='ocrx_word' id='word_1_383' title='bbox 126 3941 187 4013; x_wconf 87' lang='lat' dir='ltr'>pius</span> <span class='ocrx_word' id='word_1_384' title='bbox 200 3945 365 4014; x_wconf 83' lang='lat' dir='ltr'>semipsum,</span> <span class='ocrx_word' id='word_1_385' title='bbox 383 3966 459 4018; x_wconf 83' lang='lat' dir='ltr'>quam</span> <span class='ocrx_word' id='word_1_386' title='bbox 473 3949 585 4004; x_wconf 86' lang='lat' dir='ltr'>cermiue</span> <span class='ocrx_word' id='word_1_387' title='bbox 599 3948 669 4002; x_wconf 88' lang='lat' dir='ltr'>celo·</span> <span class='ocrx_word' id='word_1_388' title='bbox 709 3949 862 4020; x_wconf 78' lang='lat' dir='ltr'>ingreditur</span> <span class='ocrx_word' id='word_1_389' title='bbox 875 3963 975 4015; x_wconf 83' lang='lat' dir='ltr'>eampo.</span> <span class='ocrx_word' id='word_1_390' title='bbox 1009 3942 1139 3998; x_wconf 80' lang='lat' dir='ltr'>Similiter</span> <span class='ocrx_word' id='word_1_391' title='bbox 1148 3943 1256 4000; x_wconf 83' lang='lat' dir='ltr'>Claudi·</span> 
     </span>
     <span class='ocr_line' id='line_1_40' title="bbox 124 4027 1256 4106; baseline 0.004 -23"><span class='ocrx_word' id='word_1_392' title='bbox 124 4031 317 4095; x_wconf 87' lang='lat' dir='ltr'>braturisuut,</span> <span class='ocrx_word' id='word_1_393' title='bbox 333 4033 560 4089; x_wconf 80' lang='lat' dir='ltr'>brevitertsutum</span> <span class='ocrx_word' id='word_1_394' title='bbox 569 4034 670 4106; x_wconf 59' lang='lat' dir='ltr'>stobi·</span> <span class='ocrx_word' id='word_1_395' title='bbox 710 4051 762 4088; x_wconf 81' lang='lat' dir='ltr'>nuo</span> <span class='ocrx_word' id='word_1_396' title='bbox 776 4027 907 4103; x_wconf 77' lang='lat' dir='ltr'>do&#39;Rspt.</span> <span class='ocrx_word' id='word_1_397' title='bbox 930 4033 1052 4101; x_wconf 85' lang='lat' dir='ltr'>Proserp.</span> <span class='ocrx_word' id='word_1_398' title='bbox 1072 4029 1106 4082; x_wconf 89' lang='lat'>11.</span> <span class='ocrx_word' id='word_1_399' title='bbox 1119 4030 1181 4087; x_wconf 80' lang='grc'><strong>308.</strong></span> <span class='ocrx_word' id='word_1_400' title='bbox 1199 4033 1256 4086; x_wconf 76' lang='lat' dir='ltr'>Au·</span> 
     </span>
     <span class='ocr_line' id='line_1_41' title="bbox 106 4113 1271 4188; baseline -0.009 -6"><span class='ocrx_word' id='word_1_401' title='bbox 106 4123 168 4182; x_wconf 80' lang='lat' dir='ltr'>,ter</span> <span class='ocrx_word' id='word_1_402' title='bbox 192 4116 269 4186; x_wconf 64' lang='lat' dir='ltr'>qimi</span> <span class='ocrx_word' id='word_1_403' title='bbox 298 4122 423 4188; x_wconf 53' lang='lat' dir='ltr'>ungant,</span> <span class='ocrx_word' id='word_1_404' title='bbox 446 4137 504 4176; x_wconf 87' lang='lat' dir='ltr'>som</span> <span class='ocrx_word' id='word_1_405' title='bbox 526 4137 590 4175; x_wconf 82' lang='lat' dir='ltr'>vero</span> <span class='ocrx_word' id='word_1_406' title='bbox 611 4137 670 4174; x_wconf 87' lang='lat' dir='ltr'>oum</span> <span class='ocrx_word' id='word_1_407' title='bbox 710 4129 766 4176; x_wconf 81' lang='lat' dir='ltr'>ster</span> <span class='ocrx_word' id='word_1_408' title='bbox 779 4117 877 4172; x_wconf 89' lang='lat' dir='ltr'>dicitur</span> <span class='ocrx_word' id='word_1_409' title='bbox 888 4117 1067 4180; x_wconf 77' lang='lat' dir='ltr'>truculentior,</span> <span class='ocrx_word' id='word_1_410' title='bbox 1086 4139 1123 4154; x_wconf 86' lang='lat'><em>-</em></span> <span class='ocrx_word' id='word_1_411' title='bbox 1138 4113 1188 4168; x_wconf 88' lang='lat' dir='ltr'>uisi</span> <span class='ocrx_word' id='word_1_412' title='bbox 1197 4113 1271 4185; x_wconf 81' lang='lat' dir='ltr'>qnia¹</span> 
     </span>
     <span class='ocr_line' id='line_1_42' title="bbox 125 4194 1258 4273; baseline -0.001 -16"><span class='ocrx_word' id='word_1_413' title='bbox 125 4203 238 4258; x_wconf 85' lang='lat' dir='ltr'>caeteris</span> <span class='ocrx_word' id='word_1_414' title='bbox 255 4203 375 4258; x_wconf 64' lang='lat' dir='ltr'>moini·</span> <span class='ocrx_word' id='word_1_415' title='bbox 396 4206 533 4260; x_wconf 87' lang='lat' dir='ltr'>sententiis</span> <span class='ocrx_word' id='word_1_416' title='bbox 552 4206 669 4260; x_wconf 85' lang='lat' dir='ltr'>tsmsol-</span> <span class='ocrx_word' id='word_1_417' title='bbox 708 4194 840 4262; x_wconf 67' lang='lat' dir='ltr'>mutans*</span> <span class='ocrx_word' id='word_1_418' title='bbox 855 4219 919 4273; x_wconf 81' lang='lat' dir='ltr'>pros</span> <span class='ocrx_word' id='word_1_419' title='bbox 954 4200 1135 4268; x_wconf 86' lang='lat' dir='ltr'>turbulentus,</span> <span class='ocrx_word' id='word_1_420' title='bbox 1164 4203 1258 4258; x_wconf 70' lang='lat' dir='ltr'>turbu</span> 
     </span>
     <span class='ocr_line' id='line_1_43' title="bbox 123 4287 1257 4360; baseline -0.003 -16"><span class='ocrx_word' id='word_1_421' title='bbox 123 4291 205 4346; x_wconf 80' lang='lat' dir='ltr'>letter</span> <span class='ocrx_word' id='word_1_422' title='bbox 220 4291 389 4360; x_wconf 80' lang='lat' dir='ltr'>coniungant,</span> <span class='ocrx_word' id='word_1_423' title='bbox 406 4297 484 4345; x_wconf 91' lang='lat' dir='ltr'>uteo</span> <span class='ocrx_word' id='word_1_424' title='bbox 497 4291 668 4360; x_wconf 78' lang='lat' dir='ltr'>magnificen-</span> <span class='ocrx_word' id='word_1_425' title='bbox 709 4291 857 4355; x_wconf 87' lang='lat' dir='ltr'>concitans,</span> <span class='ocrx_word' id='word_1_426' title='bbox 874 4287 1098 4360; x_wconf 78' lang='lat' dir='ltr'>explicaremnlit.</span> <span class='ocrx_word' id='word_1_427' title='bbox 1108 4315 1141 4328; x_wconf 92' lang='lat'>·-</span> <span class='ocrx_word' id='word_1_428' title='bbox 1158 4291 1257 4344; x_wconf 66' lang='lat' dir='ltr'>Aunes·</span> 
     </span>
     <span class='ocr_line' id='line_1_44' title="bbox 122 4373 1300 4448; baseline 0 -20"><span class='ocrx_word' id='word_1_429' title='bbox 122 4373 176 4431; x_wconf 85' lang='lat' dir='ltr'>tius</span> <span class='ocrx_word' id='word_1_430' title='bbox 202 4375 249 4430; x_wconf 87' lang='lat' dir='ltr'>illo</span> <span class='ocrx_word' id='word_1_431' title='bbox 273 4377 481 4448; x_wconf 79' lang='lat' dir='ltr'>exsplendescet.</span> <span class='ocrx_word' id='word_1_432' title='bbox 526 4378 582 4430; x_wconf 88' lang='lat' dir='ltr'>Iam</span> <span class='ocrx_word' id='word_1_433' title='bbox 602 4395 667 4432; x_wconf 82' lang='lat' dir='ltr'>vero</span> <span class='ocrx_word' id='word_1_434' title='bbox 710 4379 764 4432; x_wconf 79' lang='lat' dir='ltr'>dun</span> <span class='ocrx_word' id='word_1_435' title='bbox 780 4376 917 4438; x_wconf 80' lang='lat' dir='ltr'>Hadriae,</span> <span class='ocrx_word' id='word_1_436' title='bbox 940 4375 975 4428; x_wconf 87' lang='lat' dir='ltr'>cl.</span> <span class='ocrx_word' id='word_1_437' title='bbox 995 4390 1067 4444; x_wconf 87' lang='lat' dir='ltr'>supr.</span> <span class='ocrx_word' id='word_1_438' title='bbox 1082 4373 1113 4439; x_wconf 89' lang='lat'>1,</span> <span class='ocrx_word' id='word_1_439' title='bbox 1129 4374 1213 4431; x_wconf 58' lang='lat'>&amp;15-</span> <span class='ocrx_word' id='word_1_440' title='bbox 1228 4381 1257 4429; x_wconf 90' lang='lat' dir='ltr'>et</span> <span class='ocrx_word' id='word_1_441' title='bbox 1277 4395 1300 4412; x_wconf 69' lang='lat'>·¹</span> 
     </span>
     <span class='ocr_line' id='line_1_45' title="bbox 123 4459 1253 4534; baseline -0.004 -18"><span class='ocrx_word' id='word_1_442' title='bbox 123 4461 187 4534; x_wconf 91' lang='lat' dir='ltr'>quid</span> <span class='ocrx_word' id='word_1_443' title='bbox 208 4461 235 4516; x_wconf 90' lang='lat' dir='ltr'>in</span> <span class='ocrx_word' id='word_1_444' title='bbox 253 4463 367 4533; x_wconf 75' lang='lat' dir='ltr'>Augusti</span> <span class='ocrx_word' id='word_1_445' title='bbox 386 4463 488 4518; x_wconf 82' lang='lat' dir='ltr'>laudem</span> <span class='ocrx_word' id='word_1_446' title='bbox 512 4462 617 4520; x_wconf 74' lang='lat' dir='ltr'>brevius</span> <span class='ocrx_word' id='word_1_447' title='bbox 629 4463 668 4517; x_wconf 90' lang='lat' dir='ltr'>si·</span> <span class='ocrx_word' id='word_1_448' title='bbox 708 4462 749 4520; x_wconf 87' lang='lat' dir='ltr'>sic</span> <span class='ocrx_word' id='word_1_449' title='bbox 774 4462 948 4534; x_wconf 71' lang='lat' dir='ltr'>Capricornus</span> <span class='ocrx_word' id='word_1_450' title='bbox 967 4478 1038 4532; x_wconf 87' lang='lat' dir='ltr'>supr.</span> <span class='ocrx_word' id='word_1_451' title='bbox 1063 4459 1108 4527; x_wconf 86' lang='lat' dir='ltr'>Il,</span> <span class='ocrx_word' id='word_1_452' title='bbox 1141 4459 1184 4516; x_wconf 85' lang='lat'>17.</span> <span class='ocrx_word' id='word_1_453' title='bbox 1210 4460 1253 4516; x_wconf 88' lang='lat'>19.</span> 
     </span>
    </p>
   </div>
   <div class='ocr_carea' id='block_1_13' title="bbox 166 4548 1047 4616">
    <p class='ocr_par' dir='ltr' id='par_1_14' title="bbox 166 4548 1047 4616">
     <span class='ocr_line' id='line_1_46' title="bbox 166 4548 1047 4616; baseline 0.003 -6"><span class='ocrx_word' id='word_1_454' title='bbox 166 4548 284 4614; x_wconf 86' lang='lat' dir='ltr'>Hornt.</span> <span class='ocrx_word' id='word_1_455' title='bbox 305 4551 405 4614; x_wconf 86' lang='lat' dir='ltr'>Doer.</span> <span class='ocrx_word' id='word_1_456' title='bbox 432 4550 466 4616; x_wconf 80' lang='grc' dir='ltr'>Τ.</span> <span class='ocrx_word' id='word_1_457' title='bbox 482 4549 511 4614; x_wconf 89' lang='grc' dir='ltr'>Ι.</span> <span class='ocrx_word' id='word_1_458' title='bbox 859 4601 861 4608; x_wconf 64' lang='grc'>,</span> <span class='ocrx_word' id='word_1_459' title='bbox 1010 4549 1047 4614; x_wconf 85' lang='grc' dir='ltr'><strong>Μ</strong></span> 
     </span>
    </p>
   </div>
   <div class='ocr_carea' id='block_1_14' title="bbox 0 0 1434 4950">
    <p class='ocr_par' dir='ltr' id='par_1_15' title="bbox 0 0 1434 4950">
     <span class='ocr_line' id='line_1_47' title="bbox 0 0 1434 4950; baseline 0 1"><span class='ocrx_word' id='word_1_460' title='bbox 0 0 1434 4950; x_wconf 95' lang='lat' dir='ltr'> </span> 
     </span>
    </p>
   </div>
  </div>
 </body>
</html>
