2859 4950
393 390 404 403 .
428 344 708 413 CARMINVM
729 344 818 408 uta.
838 344 889 425 11,
910 345 961 414 lt.
1194 344 1260 413 155

245 524 248 532 ’
287 526 362 597 Nec
386 544 484 595 carus
514 521 639 611 aeque,
665 518 732 591 n'ee'
748 528 922 613 superstes
983 516 994 569 ·'
1025 515 1054 527 ''

337 628 487 719 Integer.
537 625 603 696 ilie
629 624 702 695 dies
729 634 918 713 utramque

165 781 185 791 ·-
235 732 348 803 Ducet
372 722 528 799 ruinam'
563 730 643 799 Non
667 750 736 821 ego
760 727 934 819 perfidum
982 774 983 778 =

235 834 316 905 Dixi
340 827 604 920 sacramentnm
637 828 779 915 hiimus',
803 831 937 916 ibimus,

289 936 471 1027 Vt'cnuque
495 932 698 1027 praecedes,
724 954 918 1024 supremam

341 1041 494 1131 Carpere
518 1042 583 1107 iter
608 1039 748 1108 comites
768 1038 898 1128 parati·

237 1142 302 1212 Me
325 1167 391 1215 nec
416 1142 619 1213 Chimaerae
642 1140 776 1233 spiritus
800 1143 935 1233 igneae,
1002 1222 1006 1235 Ι

238 1248 331 1333 Nec,
357 1249 385 1315 si
409 1257 564 1339 resurgat
588 1247 794 1316 centimanus
819 1245 952 1335 Gyges,

288 1349 436 1419 Direllet
460 1370 619 1439 unquam.
671 1349 731 1417 Sic
755 1348 887 1440 potenti
947 1390 950 1408 .

340 1454 489 1522 iustitiae
513 1450 752 1544 placitumque
771 1452 895 1525 Parcis.

239 1550 311 1627 Seu
334 1556 459 1643 Libra,
484 1579 546 1626 seu
570 1578 628 1627 me
652 1545 815 1647 Scorpius
841 1552 986 1647 adspicit

137 1788 263 1844 honsione
285 1790 374 1860 aliqua
390 1791 544 1845 transferre.
567 1816 602 1830 -·
625 1806 682 1843 nto-
759 1806 786 1842 v.
805 1790 839 1845 13
860 1814 896 1829 -·
925 1788 968 1843 16.
993 1775 1038 1839 Mo
1060 1804 1107 1840 neo
1131 1788 1263 1843 Chimaer.

136 1894 198 1942 ror,
220 1893 258 1929 ec.
278 1877 306 1929 in
319 1877 361 1931 his
386 1878 473 1932 terris.
504 1879 606 1939 attan,
631 1893 683 1944 ego
724 1881 787 1929 cett.
812 1875 877 1929 nihil
904 1874 1022 1937 omnine,
1050 1890 1098 1926 nec
1116 1874 1263 1941 Chimaera,

138 1962 239 2019 σιιίιισο
259 1962 323 2033 pars
346 1964 440 2018 altera.
467 1992 503 2005 -
526 1962 582 2015 Nee
604 1980 682 2015 omae
723 1962 828 2029 igneum
840 1961 958 2031 spiritum
970 1959 1078 2023 efflans,
1101 1973 1150 2015 uec
1171 1962 1265 2030 Gyges

138 2066 236 2118 oeque,
254 2076 291 2087 -
313 2047 355 2101 ct.
375 2050 482 2103 Miteoi.
496 2055 524 2102 et
536 2048 582 2101 alii
595 2047 682 2117 expli·
724 2048 896 2113 centimanus,
913 2044 1114 2116 (ἑκατόγχειρ)
1130 2066 1171 2101 me
1182 2056 1217 2103 ·te
1236 2049 1264 2103 iu

139 2142 215 2187 cant:
234 2132 390 2203 quiquidem
410 2152 462 2187 non
481 2150 579 2204 aeque,
602 2144 681 2205 atque
723 2134 821 2190 Orcum
849 2135 1013 2187 comitantem
1035 2151 1051 2187 a
1070 2134 1195 2189 societate
1216 2143 1265 2191 tua

139 2226 232 2285 autea,
248 2237 307 2273 cum
319 2226 366 2287 tu,
383 2238 446 2292 pere
456 2220 620 2285 meimelior,
638 2236 684 2282 su·
725 2220 849 2275 divellere
860 2225 990 2289 poterunt.
1000 2240 1043 2271 t-
1053 2220 1161 2273 Scilicet
1171 2222 1200 2275 in
1207 2224 1264 2277 Or·

139 2322 273 2378 peressu,
303 2323 381 2359 carus
406 2306 470 2361 mihi
495 2307 601 2364 futurus
626 2307 683 2372 sim,
725 2324 781 2359 curn
797 2307 947 2361 descensuri
964 2307 1222 2361 incideredebebent
1235 2310 1264 2363 in

139 2394 220 2447 ritem
232 2390 684 2461 nonampliusiucuudamducam;“
726 2392 777 2445 duo
806 2392 1014 2457 istamcontra,
1046 2392 1209 2449 Chimaeram
1237 2404 1266 2451 et

139 2483 262 2553 equidem
283 2467 395 2536 malinas*
410 2497 468 2534 cum
487 2495 561 2550 nemo
578 2478 607 2532 in
626 2477 684 2532 vita
726 2481 840 2549 Gygen,
863 2497 991 2536 unacum
1011 2479 1070 2534 aliie
1084 2481 1115 2532 in
1131 2482 1198 2539 Oroi
1216 2501 1265 2536 ve-

107 2632 109 2641 ,
139 2574 240 2634 restet,
264 2568 309 2621 cui
329 2584 415 2636 aeque
434 2583 466 2620 ec
489 2554 633 2620 tibi'ooros
654 2567 683 2616 et
726 2566 821 2620 stibnio
841 2566 1014 2630 stabulantio3
1038 2566 1090 2618 vid.
1109 2567 1265 2638 Virgthen.

140 2655 253 2708 dilectus
275 2654 338 2718 sim3
360 2669 408 2705 aec
426 2658 556 2721 superstes
568 2651 681 2720 integer,
724 2654 843 2710 Visae.
861 2671 935 2724 seqq.
950 2679 987 2693 -·
1006 2652 1039 2704 da
1058 2655 1265 2708 Chimaerorid.

71 2746 74 2753 ’
140 2739 245 2792 sublata
264 2754 356 2808 nempe
376 2737 460 2792 altera
479 2736 579 2792 animae
596 2744 682 2805 parte.
725 2740 846 2810 rapnad
861 2740 890 2804 1,
906 2741 950 2794 27.
964 2739 1266 2810 24.-reeargot,moie

140 2835 280 2895 atramque
308 2825 393 2894 (pror
424 2822 583 2894 utriusque)
604 2824 682 2876 ducet
726 2826 915 2890 suaseievet,
933 2830 1114 2879 etoantrame
1129 2834 1267 2895 assurgata
1304 2881 1305 2886 ,
1330 2879 1333 2891 ,

140 2915 262 2977 macen,
280 2911 406 2964 communi
414 2908 684 2978 casuutrnurquede-
726 2911 963 2983 prostratoseoin
991 2911 1096 2964 iacebat
1118 2912 1213 2982 Gyges
1239 2915 1268 2967 in

141 2994 569 3066 trudetodinieroe,provulqaric
586 3001 685 3046 utrum·
728 3001 864 3065 Tartaro,
882 3016 933 3069 quo
950 3015 1008 3052 cum
1037 2996 1095 3053 aliis
1117 2999 1268 3056 centimanie

142 3104 196 3156 que
209 3102 242 3138 ex
253 3085 302 3137 hoc
317 3083 372 3136 vita
382 3083 500 3145 auferet,
516 3080 622 3151 utrique
637 3098 684 3150 pa·
726 3086 797 3149 levis
807 3085 913 3144 fulmine
933 3084 1052 3139 deiectus
1065 3085 1160 3138 iuerat.
1174 3113 1209 3128 -
1222 3088 1270 3140 Sia

142 3171 214 3226 rabit
226 3169 404 3224 interitum-
418 3177 616 3232 commentum,
631 3170 686 3222 iuo-
724 3174 829 3244 potentii
852 3173 937 3226 instit.
957 3173 1030 3240 piac.
1042 3171 1125 3225 Parc.
1140 3170 1269 3246 haecmo-

107 3297 111 3302 .
144 3255 296 3320 iurandum,
325 3253 395 3326 quod
426 3255 535 3320 militer,
565 3273 596 3308 ee
619 3272 687 3311 unu·
727 3267 785 3312 stra
801 3267 927 3312 nemurte
943 3258 1045 3328 quidem
1066 3257 1211 3312 dirimenda
1225 3275 1268 3311 so-

142 3353 221 3413 quam
240 3341 384 3401 formidinis
403 3357 481 3395 causa
501 3342 577 3409 signa
596 3340 687 3394 deser-
728 3345 811 3398 oietas
824 3344 930 3398 deorum
951 3345 1086 3398 voluntate
1095 3345 1204 3404 'decreta
1218 3349 1269 3398 eet.

146 3436 222 3482 turos
234 3447 313 3493 esso,
330 3428 442 3494 dabant,
459 3430 526 3484 bene
536 3427 586 3483 iam
600 3432 687 3480 mms-
728 3457 762 3472 -
777 3433 877 3486 Parcae
890 3431 1056 3485 nascentibus
1070 3431 1270 3484 ieta'dooerne·

145 3517 231 3573 fertur
246 3515 281 3568 ad
295 3514 688 3585 fidem’qriaunflorrtiusMae·
728 3521 759 3572 r'e
776 3523 804 3570 et
823 3517 974 3586 adgnata,
1007 3517 1035 3570 in
1054 3516 1149 3585 vulgus
1163 3524 1269 3580 noturus
1361 3553 1364 3560 »

143 3603 249 3666 cenati,
265 3619 295 3655 se
306 3619 367 3654 eum
379 3619 412 3654 ue
421 3601 571 3654 morientem
584 3601 688 3669 quidem
728 3605 763 3658 cf.
778 3621 856 3656 carm
868 3613 956 3658 nuuc.
972 3622 997 3657 v.
1010 3606 1052 3660 89.
1071 3602 1211 3656 Praeclare
1222 3619 1269 3656 au-

108 3698 112 3705 *
143 3689 306 3743 deserturum
316 3704 393 3752 esse,
403 3687 528 3741 dederat.
539 3678 687 3758 Vtcmque,
727 3695 780 3742 tero
793 3689 821 3741 in
835 3689 976 3742 Parcarum
988 3689 1105 3742 consiliis
1118 3696 1148 3740 et
1160 3688 1272 3742 sociere

144 3774 366 3845 quandocunque,
388 3779 420 3843 pt
437 3790 509 3844 supr.
531 3773 560 3838 1,
576 3775 620 3830 ³5.
641 3775 686 3829 23.
728 3781 772 3840 te,
788 3780 819 3828 ut
832 3775 883 3828 dea
897 3774 1051 3843 πάρεδρος,
1069 3779 1181 3844 apparet
1193 3774 1290 3828 irreti-v

143 3891 182 3904 -
200 3879 311 3932 rupem
331 3861 487 3930 turpiter,
508 3859 641 3926 similiter,
658 3867 689 3914 ut
729 3863 787 3928 tio,
805 3861 897 3930 Δίκη,
921 3879 988 3932 quae
1004 3877 1145 3924 asumma,
1163 3876 1215 3928 qua
1228 3877 1272 3914 ree

142 3947 482 4014 emendacionem,
507 3945 623 4015 loquitur
634 3947 688 3999 So·
730 3947 855 4000 humanas
878 3947 1039 4013 moderatur,
1071 3951 1204 4018 potestate
1221 3963 1274 4016 po·

146 4034 233 4105 phoci.
246 4033 336 4100 Antig.
348 4036 409 4092 818.
430 4029 533 4100 ‘Occiae'
543 4051 578 4101 pe
594 4061 622 4074 -
635 4031 690 4087 cois
731 4041 790 4089 tene
804 4032 906 4087 dieitur.

145 4117 252 4175 eadm
268 4108 690 4190 consummationnem&
767 4136 794 4173 v.
824 4121 857 4174 17
878 4147 914 4160 -
930 4118 975 4174 32.
1001 4119 1058 4173 Sub
1076 4117 1273 4188 quibuscunque

147 4204 251 4276 φέγγος
269 4205 441 4262 λεύσσουσαν
462 4203 565 4263 oietiov.
585 4213 613 4260 et
624 4207 692 4260 Sim-
733 4205 921 4270 tandemtaru
935 4205 1029 4259 saumis
1047 4223 1122 4276 quam
1143 4203 1274 4269 infaustis,

148 4294 214 4347 miae
228 4294 316 4347 auor.
329 4294 377 4347 1v.
390 4293 418 4349 4.
432 4294 536 4348 Authol.
551 4294 647 4348 Graec.
655 4293 692 4346 T.
734 4291 864 4346 sideribus
892 4309 942 4360 ego
967 4299 1044 4346 natus
1070 4309 1143 4356 sum,
1168 4290 1276 4346 mirifice

148 4379 172 4433 1.
198 4398 226 4450 p.
247 4383 307 4436 137.
332 4376 403 4450 ᾤχεο
426 4376 481 4453 yde
499 4378 632 4451 πυμάταν
652 4381 693 4445 εἰς
735 4379 807 4434 certe
819 4379 865 4432 illa
876 4395 936 4434 cum
948 4378 996 4444 iis,
1014 4380 1064 4432 sub
1076 4379 1169 4449 quibus
1182 4385 1211 4430 to
1227 4395 1276 4430 na·

146 4461 392 4540 ’Axe'qoeecrddo'a
708 4458 711 4466 ’
735 4477 779 4524 tue
799 4485 844 4532 ee,
869 4466 1052 4532 consentinut3
1074 4471 1183 4536 uterque
1200 4463 1276 4526 enim,
