2859 4950
274 1019 873 1117 nnana-nouam
902 971 1192 1120 cruca
1301 967 1311 980 ”

630 1283 839 1301 ιμ--ι-Βυ

529 1518 948 1580 PROOEMIUM.

167 1641 316 1768 Meua,
348 1686 470 1776 quibus
492 1685 650 1766 Horatius
672 1687 707 1752 in
730 1684 802 1754 odis
819 1706 898 1752 usus
915 1698 980 1768 est,
1002 1677 1299 1762 eribibituromibi

169 1795 280 1860 uisum
303 1805 369 1876 est,
399 1793 613 1882 quorundam
640 1794 679 1860 nd
690 1795 775 1860 xrem
792 1793 962 1860 metricam
975 1797 1218 1884 pertinentium
1233 1818 1300 1861 vo·
1362 1818 1367 1827 ¹

169 1901 371 1969 cabalorum
393 1903 547 1994 tironum
573 1905 721 1966 maxime
742 1925 835 1966 causa
855 1902 1067 1990 praemittere
1085 1901 1220 1968 brevem
1237 1923 1299 1966 ex-

168 2007 402 2100 plicationem‚
426 2008 557 2074 omissis
570 2031 655 2096 quae
670 2009 802 2074 notiora
818 2024 886 2073 esse
904 2006 1021 2074 solenti
1062 2007 1101 2074 In
1118 2008 1209 2096 quod
1224 2021 1300 2074 stu·
1366 2022 1369 2031 “

169 2117 309 2180 dium
285 2139 312 2180 st
338 2118 390 2181 cui
415 2096 512 2182 altius
534 2127 707 2206 penetrare
727 2117 759 2178 in
781 2115 893 2180 auimo
907 2116 964 2193 sit,
983 2114 1065 2184 duce
1082 2125 1195 2180 ututur
1209 2113 1300 2204 peri

171 2221 300 2287 tissimo
322 2221 517 2290 Godofredo
538 2225 732 2292 Hermanno
756 2223 798 2289 V.
812 2220 868 2286 (ll
877 2220 1075 2305 (Handbueh
1087 2224 1146 2290 der
1161 2223 1299 2289 Metrik.

56 2417 60 2424 Ι
155 2329 283 2418 ,Leipn
290 2329 462 2418 1799)

258 2436 383 2509 Versus
404 2437 564 2504 iambicos
588 2447 622 2503 et
646 2432 833 2501 trochuicos
853 2369 1072 2501 Grammatici
1098 2431 1302 2523 plerumque

132 2564 135 2571 ’
170 2542 314 2633 dipodiis
340 2544 529 2629 (διποδίαις)
551 2544 587 2611 h.
610 2566 637 2609 e.
662 2541 819 2607 binorum
837 2542 961 2630 pedum
977 2544 1123 2609 seriebus
1137 2542 1302 2621 (u-v-uttt

169 2676 251 2705 -o-
253 2650 268 2735 )
294 2653 494 2734 metiuntur,
525 2660 555 2717 et
573 2672 706 2719 versum
725 2648 870 2715 duarum
886 2650 1098 2739 dipodiarum
1114 2673 1139 2714 s.
1154 2668 1197 2714 ex
1213 2665 1302 2731 qut·

169 2770 252 2824 tuor
275 2758 418 2847 podibus
442 2770 650 2825 constantem
674 2754 956 2839 dimetrum,-
984 2756 1090 2821 tribus
1114 2754 1255 2844 drpodus
1277 2775 1302 2814 s

169 2888 233 2931 sex
254 2865 395 2953 pedibus
418 2852 647 2931 constructum
671 2864 870 2929 trimetrum
896 2877 1024 2927 vocant.
1066 2864 1189 2928 Versus
1213 2860 1303 2925 enim

171 2958 302 3037 iambici
323 2994 400 3038 cum
419 2972 454 3036 in
474 2970 555 3037 locas
567 2972 754 3060 imparibus
776 2967 922 3060 (primo,
950 2971 1050 3035 tertio
1073 2969 1148 3052 cet.)
1167 2990 1202 3034 ac
1224 2981 1303 3033 tro-

170 3080 275 3146 chaici
300 3080 334 3144 iu
359 3057 500 3168 paribus
517 3076 693 3166 (secundo,
723 3076 857 3163 quarto)
878 3079 1066 3165 spondeum
1083 3076 1303 3164 habsr'epos-

171 3192 256 3269 sint,
290 3186 475 3275 rhythmus
499 3185 586 3250 idem
608 3195 687 3273 post
707 3176 854 3271 singulas
874 3186 1011 3252 demum
1040 3186 1192 3275 dipodius
1207 3182 1303 3251 redit.

155 3328 216 3347 2-
238 3292 295 3357 Sin
318 3315 395 3358 uero
412 3292 452 3359 dc
469 3292 655 3379 dactylicis,
677 3291 909 3371 choriambicis
929 3305 1184 3384 ceterorumque
1198 3314 1304 3379 geue-

171 3424 251 3466 rum
274 3396 419 3467 v‘ersibus
449 3400 611 3487 (exceptis
629 3412 740 3464 tamen
758 3403 991 3489 anapaesticis,
1023 3424 1173 3493 quorum
1194 3410 1303 3465 metra

119 3552 122 3557 ,
172 3510 271 3573 etium
292 3504 376 3575 κατὰ
397 3508 552 3575 διποδίαν
573 3506 815 3595 dispescuntur)
839 3515 951 3573 sermo
977 3518 1040 3589 est,
1073 3508 1302 3593 disasterap·

170 3596 319 3703 pellatur
343 3618 401 3701 esui
421 3615 555 3681 duobus
568 3648 611 3666 --
624 3614 787 3729 trimeter
801 3638 860 3703 qur
851 3615 979 3700 tribus
994 3619 1185 3683 continetur
1200 3616 1302 3707 pedi·
1303 3689 1306 3696 ,

174 3722 236 3787 bus
250 3720 524 3809 simplicibus.

259 3834 382 3896 Versus
399 3826 590 3897 catalectico
610 3826 735 3917 (στίχος
753 3827 968 3917 sardianos)
982 3841 1029 3895 est
1042 3832 1133 3896 cuius
1150 3809 1228 3918 pedi
1244 3829 1303 3894 ul-

171 3941 257 4005 timo
277 3936 404 4025 syllaba
428 3934 525 4005 deest.
570 3936 604 4000 si
633 3939 709 4026 padi
730 3950 790 4003 aut
808 3938 983 4026 trisyllaba
1003 3952 1062 4002 aut
1083 3937 1299 4026 tetrasyllabo

174 4046 257 4111 duae
279 4044 426 4167 tt¹¹³l³0
447 4042 581 4124 desunt,
611 4046 1091 4111 versusexistitcatalectus-
1106 4058 1164 4110 aut
1178 4048 1209 4110 in
1224 4045 1301 4134 syl-

173 4153 282 4222 labam
297 4153 402 4219 autin
420 4150 637 4239 disyllabum.

261 4260 383 4325 Versus
405 4258 726 4347 brachycatalectico
739 4271 788 4326 est
806 4260 858 4325 cui
880 4284 938 4349 pes
956 4262 1082 4349 integer
1102 4262 1207 4340 deest3
1232 4285 1300 4328 nou

176 4368 238 4433 uisi
253 4340 384 4433 iambici
399 4383 431 4431 et
445 4351 602 4431 trocbaici
618 4388 732 4439 versus
748 4367 1021 4455 brachycatalecti
1037 4383 1129 4440 suut·
1165 4392 1169 4400 ’

569 4502 695 4543 sss
