2859 4950
438 316 946 413 ennaranti-mnne
1132 412 1136 430 ,
1192 314 1255 381 rer
1333 324 1334 329 ¹

118 549 123 551 -
224 505 272 576 At
296 523 367 572 non
390 508 444 569 ter
468 517 554 567 aero
579 496 714 566 innotus
739 490 928 583 enubilem
1076 511 1080 522 ’
1121 519 1126 553 :
1228 550 1229 555 ,

223 606 378 677 Ploravit
403 623 521 670 omnes
544 595 768 671 Antilochum
793 600 921 666 amrex‘
1023 652 1029 663 .
1106 646 1150 673 ‚,

276 708 413 785 Annosr
437 727 503 776 neo
525 701 704 794 impubem
728 705 886 790 parentes
1019 758 1023 763 .

149 806 161 817 “
327 808 493 891 Troilon,
519 816 577 875 aut
600 801 776 893 Phrygiae
800 812 952 899 sororea‘
1045 846 1050 876 ,

225 912 382 991 Flerere-
397 932 541 1001 semper.
592 906 717 975 Desine
742 903 899 971 mollium

225 1016 385 1088 Tandem
411 1013 642 1105 querelarum
665 1017 703 1077 et
716 1007 841 1101 -putius
855 1024 971 1095 *nova

282 1120 465 1191 Cantemus
489 1113 638 1207 Augusti
663 1114 824 1204 tropaea

276 1268 284 1277 ν
328 1221 500 1306 caeraris,
525 1230 560 1287 et
583 1215 734 1309 rigidum
759 1210 944 1307 Niphaten,
1205 1200 1255 1272 28

27 1465 31 1471 ,
136 1420 146 1466 ·,
156 1422 188 1482 ν.
199 1404 326 1462 13-16.
343 1420 421 1459 aene:
439 1411 482 1457 ter
501 1418 567 1456 aevo
586 1398 668 1468 (be.
712 1390 978 1449 moenai-serit.-
994 1386 1065 1456 rare
1097 1402 1130 1441 ne
1146 1400 1254 1451 mures,
1345 1430 1351 1442 ,

120 1492 209 1547 tribus
223 1491 314 1557 aerii,
329 1489 452 1563 γενεαῖς)
467 1490 595 1561 sm,
621 1483 669 1554 qui
710 1480 876 1544 (inmunda,
895 1472 1052 1538 ereum
1094 1474 1173 1530 'eua-
1242 1490 1244 1494 ’

121 1586 179 1634 tres
193 1578 322 1633 homiuum
347 1583 448 1633 aetates
462 1574 552 1638 vixit,
575 1588 669 1641 nempe
745 1585 778 1644 ν.
788 1562 915 1624 17-24.
931 1562 1027 1617 Desine
1042 1562 1204 1630 puerelmsn
1217 1588 1253 1601 -

121 1666 240 1728 Nestorr
271 1683 381 1729 uenam,
411 1683 428 1733 y
459 1657 509 1726 soi,
539 1656 668 1713 bominum
710 1654 815 1719 Graece
828 1653 908 1723 (λῆγε
920 1646 1009 1720 γόων,
1027 1642 1254 1727 ¹o'dnppssoimid.

121 1760 215 1815 aens,
236 1750 350 1821 triginta
367 1751 450 1805 imme
468 1763 591 1803 annorum
605 1762 668 1816 apa·
709 1738 850 1807 lambio.)
873 1756 944 1809 pro:
971 1734 1061 1788 desine
1085 1730 1178 1801 queri,
1202 1732 1255 1799 ael,

121 1836 163 1891 tio
175 1836 354 1891 circumscribi
365 1836 451 1900 soleta
467 1834 610 1905 scriptores
624 1837 668 1884 ta-
709 1827 754 1895 (ut
767 1824 847 1878 Ouid.
866 1824 931 1877 Met.
946 1822 994 1875 Vl.
1013 1818 1074 1875 215.
1092 1818 1181 1889 dixit)
1206 1822 1253 1873 de·

73 1920 83 1938 “
121 1940 183 1984 meu
197 1923 225 1989 in
247 1923 428 1979 eouatitneudn
450 1936 590 1983 annorum,
608 1916 667 1987 qni·
709 1913 764 1967 aine
782 1910 907 1981 penas.
925 1934 960 1947 -
977 1907 1105 1971 mollium,
1130 1907 1254 1963 mollioris

123 2010 175 2063 bus
193 1997 275 2081 paraui
289 2009 454 2075 absolvebat,
476 2023 580 2062 numeru
598 2003 668 2059 iuter
710 1996 789 2052 animi
805 1996 919 2049 dolorem
935 1992 1149 2064 exprimentium,
1174 2022 1210 2034 -
1227 2002 1253 2051 ea

124 2112 155 2149 ae
168 2094 333 2166 discrepant,
350 2096 405 2149 vid.
425 2110 493 2164 quoa
510 2092 601 2147 landet
619 2091 669 2144 At-
706 2086 812 2157 potina,
842 2079 994 2154 particulam
1016 2086 1046 2160 et
1069 2078 1161 2159 putide
1185 2076 1253 2135 inl.
1332 2132 1336 2159 ,

123 2183 192 2236 berti
215 2182 250 2235 ad
273 2182 390 2253 Heayeb.
417 2179 494 2245 ml.
515 2196 542 2249 p.
560 2173 622 2234 814.
640 2192 667 2231 ιι.
710 2171 882 2227 abundantem
906 2163 1025 2237 equidem
1048 2162 1197 2227 deleverim.
1217 2194 1253 2203 -

123 2272 168 2325 18.
200 2268 323 2324 bureber.
349 2269 376 2323 in
407 2268 485 2322 Nota
510 2264 545 2320 ad
568 2262 666 2318 Herod.
709 2278 770 2313 noo.
789 2260 902 2328 August.
928 2256 1002 2307 Caes.
1016 2258 1145 2323 'tropeam
1172 2259 1198 2305 et
1215 2252 1253 2305 ri-

123 2353 197 2408 Libr.
214 2354 250 2407 ll.
266 2356 354 2409 -de
382 2356 493 2409 Nestore
514 2350 566 2405 rid
590 2350 667 2405 Hom.
709 2345 768 2417 girl.
783 2343 864 2413 Niplr.
880 2344 942 2400 cett.
959 2354 1055 2403 novas,
1071 2354 1146 2407 ,quas
1163 2340 1253 2407 Augu-

122 2440 200 2497 11.1.
222 2443 284 2498 250.
307 2470 344 2482 -
366 2442 556 2502 Antilochum,
585 2435 668 2490 filiam
709 2432 813 2485 etuaab
834 2424 977 2490 Armeniis,
1000 2422 1107 2480 Parthia
1125 2430 1152 2476 et
1171 2424 1254 2492 Gelo,

123 2526 266 2591 Nestoris,
283 2526 312 2580 ln
326 2545 415 2598 pugna
427 2526 462 2580 ad
474 2524 590 2589 Troiam,
607 2522 668 2575 dum
709 2518 750 2572 uis
759 2513 916 2588 reportavit,
929 2509 1063 2566 victorias.
1079 2538 1114 2550 -
1128 2511 1208 2578 Rern,
1223 2520 1253 2569 ut

124 2619 224 2683 patrem
239 2615 370 2684 praesenti
388 2615 458 2669 vitae
473 2611 588 2683 periculo
608 2625 669 2662 ere·
708 2608 804 2674 poete,
820 2607 907 2668 auget.
944 2597 1016 2648 Iusto
1029 2595 1097 2650 bello
1113 2599 1178 2652 euim
1194 2600 1256 2652 nul?

123 2705 198 2770 ptum
209 2705 334 2764 venerat,
353 2700 486 2763 ordeum
510 2698 586 2752 onius
607 2713 669 2750 cee-
710 2689 863 2744 lumborum
877 2683 1029 2756 populorum
1038 2681 1145 2752 proprie
1158 2684 1253 2754 perdo-

125 2785 200 2850 dem,
221 2786 339 2840 breviter
362 2787 474 2840 Homero
497 2785 597 2854 odyss.
619 2783 668 2835 Ill.
709 2776 775 2832 nuit
797 2775 946 2841 Augustus,
969 2767 1016 2844 sed
1037 2769 1181 2844 Armeniis,
1207 2770 1254 2840 qui

123 2872 250 2929 111.1v.
278 2874 338 2930 187.
360 2870 615 2939 commemoratam)
632 2869 668 2924 er.
710 2877 759 2935 per
777 2859 894 2930 rigidum
916 2853 1050 2924 Niphaten
1074 2853 1252 2924 designantur,

123 2959 233 3014 Pindar.
255 2960 335 3030 Pyra.
357 2959 406 3015 VI.
422 2961 466 3016 28.
484 2950 580 3028 seqq.)
598 2956 669 3010 0210-
709 2949 744 3001 V.
756 2945 787 3000 C·
808 2939 1005 2996 Dccxxxlv.
1020 2937 1106 3010 ¹missu
1122 2941 1149 2993 iu
1165 2959 1253 3002 eorum

123 3048 235 3107 brarunt
251 3054 359 3116 poetae,
376 3046 424 3115 qui
443 3046 533 3116 plura,
556 3044 591 3096 ad
610 3042 669 3096 bel-
704 3024 806 3088 'nrram
820 3025 930 3083 Tiberio
945 3028 1013 3081 duee
1025 3024 1149 3094 exercitu,
1163 3044 1253 3096 regem

124 3134 175 3187 lun
185 3133 328 3189 Troianum
339 3131 501 3203 spectantia,
518 3129 670 3199 latiuspost
709 3115 815 3174 tautum'
834 3114 1001 3186 Tigranem,
1035 3111 1110 3184 pulso
1134 3113 1252 3182 Artaxia,

124 3220 264 3274 Homerum
285 3219 400 3273 exsecuti
422 3224 497 3282 suut,
520 3216 668 3271 nominatim
692 3201 879 3278 praeposuit,
902 3199 959 3253 vid.
974 3195 1025 3252 Dio
1045 3197 1115 3256 le,
1137 3201 1164 3255 9.
1183 3199 1253 3256 Sue·

125 3307 219 3371 Quint.
233 3306 324 3360 calab.
338 3306 372 3358 11.
385 3301 447 3361 243.
462 3320 535 3374 seqq,
547 3331 583 3346 .-
594 3314 670 3356 ama-
710 3301 765 3346 ton.
778 3290 841 3344 Tib.
860 3306 883 3342 a.
904 3287 930 3343 9.
952 3284 1044 3338 Vellei.
1059 3283 1094 3338 Π.
1107 3277 1149 3340 94.
1163 3285 1251 3342 Tacit.
1315 3349 1316 3352 Ἴ

125 3395 217 3458 bilem,
240 3392 310 3446 libus
330 3390 413 3456 enim,
437 3389 480 3444 eui
500 3397 576 3460 pater
599 3389 670 3442 vitae
710 3376 880 3433 dunel-lb&
896 3391 912 3426 a
927 3371 1099 3460 Parlbyfflm
1120 3371 1182 3442 (pro
1196 3373 1256 3445 qui-

120 3497 190 3566 suae
204 3479 313 3533 salutem
334 3482 468 3548 aceeptem
486 3476 584 3540 refert,
607 3492 671 3545 pro-
711 3469 760 3520 bus
777 3465 882 3520 Medum
898 3463 1004 3529 flumen.
1019 3457 1129 3527 positum
1143 3459 1197 3526 est)
1210 3477 1261 3512 rea

124 3565 194 3618 lecto
207 3566 328 3618 amabilis
345 3569 396 3619 est.
409 3591 444 3604 -
455 3571 594 3633 parentet,
608 3561 670 3614 Pri·
710 3571 746 3624 ge
759 3559 860 3612 eutem,
878 3547 1008 3608 Phraate,
1026 3544 1116 3597 eodem
1132 3561 1198 3600 anuo
1216 3545 1253 3598 si-

124 3667 197 3703 amus
212 3657 240 3703 et
252 3651 369 3708 Hecube.
389 3635 558 3715 Troilon,⁴iu
574 3647 670 3717 pugnis
711 3656 780 3708 gua,
806 3634 897 3688 Crassi
918 3631 993 3684 clade
1012 3627 1121 3694 amissa,
1143 3631 1253 3700 recepit,

124 3737 176 3790 1115,
191 3735 459 3808 T„i„,1,‚q„„„
477 3735 575 3789 tabulis
594 3733 669 3804 ‹lepl-
711 3724 766 3778 vid.
779 3722 831 3774 Dio
852 3717 921 3772 LIV.
939 3717 965 3770 8.
1004 3716 1114 3768 Gelonos
1131 3715 1252 3784 denique,

124 3831 183 3878 otus
210 3840 262 3875 nou
285 3824 343 3878 sine
359 3841 467 3892 magna
497 3820 669 3875 admiratione
711 3818 813 3882 gentem
830 3803 1012 3866 Sarmaticam,
1037 3816 1092 3854 oum
1111 3797 1137 3852 in
1159 3799 1254 3854 Rorna-

30 3924 33 3943 ²
125 3903 288 3978 Cartbagine
330 3907 533 3978 deprehendisse
567 3899 668 3960 deneas
710 3913 801 3952 nurum
815 3893 879 3946 fines
892 3899 964 3946 traua
977 3889 1070 3942 latrum
1081 3884 1254 3940 incursionem

37 4055 45 4072 ἱ
124 3994 221 4048 dieitur
233 3994 302 4064 apud
314 3993 468 4064 Virgilium,
485 3998 669 4062 repraesenta·
709 3982 851 4042 iecissent,
869 3979 946 4030 misso
962 3974 1090 4037 Lentulo,
1115 3978 1187 4024 trans
1201 3970 1252 4024 llu-

124 4089 155 4136 ta
170 4099 274 4157 qunque
297 4083 348 4136 luit
366 4082 460 4135 eaedea
478 4078 583 4144 Troili,
601 4079 670 4131 iule-
710 4088 768 4126 rnen
786 4067 899 4138 repulit3
924 4061 977 4114 vid.
996 4058 1065 4112 Flor.
1089 4055 1136 4109 lV.
1159 4058 1199 4110 12.
1218 4086 1253 4099 -

123 4165 169 4223 liei
183 4174 276 4221 conatu
289 4175 317 4220 et
335 4165 477 4236 imparibus
494 4164 594 4218 viribus
612 4180 670 4216 oum
713 4157 869 4226 Niphaten,
892 4155 1002 4203 montem
1025 4143 1184 4209 Armeniae,
1210 4141 1255 4212 qui

123 4253 225 4308 Aebille
240 4252 390 4324 congressi,
408 4251 463 4308 vid.
477 4251 553 4320 virg.
570 4251 634 4311 Aen.
648 4249 671 4302 1.
711 4244 755 4298 rel
771 4259 785 4295 a
801 4240 874 4294 saxis
895 4241 923 4290 et
942 4231 1067 4304 rupibus,
1090 4227 1184 4300 quibus
1198 4227 1255 4286 cin·
1296 4233 1298 4238 ’

124 4337 187 4397 474.
205 4357 277 4412 seqq.
295 4340 341 4394 ubi
355 4340 430 4410 lege,
447 4356 519 4408 quae
534 4336 671 4390 Illustriaa.
713 4335 771 4384 etus
785 4335 841 4391 eat,
863 4323 905 4378 vel
929 4337 945 4372 a
965 4319 1031 4372 duro
1051 4315 1199 4370 accolarum,
1215 4316 1257 4368 in-

124 4428 216 4500 Heyne
231 4426 261 4482 iu
278 4427 389 4487 Excurs.
414 4425 501 4482 xvri.
519 4421 622 4478 erudite
638 4421 673 4478 da
713 4417 807 4490 genio,
825 4413 869 4483 (nt
889 4425 959 4494 supr.
978 4405 1014 4470 ll,
1035 4408 1061 4461 6.
1080 4406 1107 4460 3.
1128 4403 1257 4456 barbarae
