2859 4950
287 1413 301 1444 ,J
446 1319 927 1415 rnanrnrlo
1070 1278 1076 1290 *

270 1531 693 1602 nomo-ars,
736 1532 1102 1616 enarrer.

117 1799 253 1904 Haec
273 1831 485 1928 quartum
501 1815 688 1934 rep'etita
702 1814 878 1903 Horatii
895 1814 1252 1934 carminum‘Lp-
1350 1788 1355 1797 ¹

119 1969 316 2054 rioorum
348 1964 495 2052 Editio
530 1967 634 2052 ideo
665 1968 964 2086 praeferenda
992 1985 1058 2053 est
1083 1969 1251 2075 tertiae,

118 2117 243 2232 quod
260 2088 450 2236 purgata
474 2135 538 2204 est
557 2119 674 2203 vitiis
696 2117 1051 2238 typographiam,
1083 2118 1253 2232 quibus

117 2273 195 2356 illa
212 2270 401 2386 turpiter
417 2263 571 2356 scatet.
632 2265 821 2375 Quoties
847 2281 1001 2356 autem
1015 2269 1251 2372 Horatium

18 2512 20 2525 ,
116 2451 269 2507 meum
287 2418 455 2537 relege,
487 2419 616 2507 toties
639 2419 688 2531 in
706 2422 811 2508 loca
824 2424 976 2509 minus
990 2439 1109 2536 recte
1128 2449 1157 2509 a
1174 2450 1248 2509 me
1306 2443 1309 2448 ·

18 2566 21 2577 ’
119 2543 347 2657 intellecta
364 2590 405 2658 et
423 2572 625 2691 exposita
648 2573 854 2660 ineidere
878 2575 1013 2660 soleo.
1074 2568 1251 2679 Quem-

86 2776 89 2781 ,
118 2725 365 2811 admodum
385 2726 519 2841 igitur
537 2755 592 2811 ea
607 2725 655 2811 in
669 2727 758 2811 hae
779 2742 939 2841 quarta
952 2723 1128 2811 Horatii
1141 2725 1250 2813 Edi-

120 2876 238 2961 tione
264 2876 429 2960 rectius
456 2877 769 2963 constituenda
798 2894 840 2961 et
868 2874 1139 2995 explicanda
1170 2907 1250 2964 ou-

115 3026 237 3134 ravi3
285 3024 435 3144 (nam,
471 3044 523 3111 ut
547 3026 758 3115 Horatius
784 3030 846 3113 ait
869 3026 1007 3145 Epio.
1023 3027 1056 3113 l.
1084 3038 1150 3121 16.
1175 3040 1248 3121 24.

114 3180 358 3267 Stultorum
383 3185 583 3265 incurata
605 3178 742 3291 pudor
768 3183 912 3272 molus
945 3154 1089 3265 ulcera
1105 3184 1245 3300 eolat)

114 3333 180 3417 ita
199 3332 291 3438 illa,
322 3358 439 3447 quae
455 3331 640 3459 acutius*
647 3332 857 3419 viderunt
870 3308 962 3441 alii,
978 3332 1183 3419 modeste
1197 3336 1247 3419 in

99 3513 212 3569 ,rem
228 3482 380 3571 meam
394 3483 610 3569 vertenda
627 3487 794 3601 putari.
853 3484 907 3571 ld
919 3487 1091 3592 factum
1105 3486 1249 3603 inpri-

111 3637 201 3721 mis
221 3652 285 3721 est
301 3635 350 3720 in
365 3635 571 3721 Editione
588 3632 763 3721 Horatii
779 3634 969 3742 Minore,
995 3665 1126 3749 quae,
1144 3640 1248 3723 abe

112 3805 230 3872 terso
250 3787 433 3893 sudore,
467 3785 588 3905 (inea
605 3786 727 3871 enim
755 3790 888 3905 eulpa
907 3789 1047 3903 paulo
1078 3787 1244 3874 diutius

112 3942 201 4023 sub
216 3940 352 4056 prelo
377 3937 574 4057 sudavit)
601 3939 723 4033 viam
745 3940 805 4025 ad
819 3939 993 4024 Horatii
1007 3914 1244 4049 amatores,
1263 3991 1267 3998 ·

111 4090 283 4177 tirones
306 4091 525 4197 maxime,
563 4088 794 4177 adfectare>
809 4091 1062 4178 meditatur.
1119 4091 1174 4178 In
1190 4120 1246 4188 ea

109 4243 329 4361 proposui
348 4241 462 4327 duas
481 4238 831 4351 emendationes,
871 4270 981 4357 quas
996 4246 1245 4331 memoravi

112 4422 297 4508 quoque
336 4396 385 4493 in
413 4396 501 4482 hae
537 4410 697 4509 quarta
726 4394 835 4496 Hor.
851 4391 1087 4577 'Editiope
1152 4371 1251 4482 Pro
