2859 4950
12 247 15 254 ’
126 311 189 372 vm
382 291 921 372 ruenssrro.

49 539 52 544 ,
131 446 304 574 criticam
320 467 602 570 examinando,
627 493 704 546 nec
718 459 923 546 sententiis
938 467 1259 572 impeditioribus

132 587 388 690 expediendis
406 589 571 670 deesset.
625 594 757 686 Quam
780 588 945 693 quidem
965 592 1163 668 rationem
1182 617 1259 694 po·

130 707 357 805 steriorem,
383 709 491 788 haud
507 709 630 788 dubie
645 709 912 826 utilissimam,
940 710 1078 789 dextre
1092 736 1259 815 quoque
1304 727 1311 736 “
1426 718 1427 755 ³

130 827 172 906 in
187 827 491 907 editisOdamm
506 829 615 907 libris
630 830 716 905 iniit
730 831 846 927 lani,
872 831 1106 932 nuperrime
1125 844 1259 909 autem

132 948 173 1024 in
203 973 461 1027 communem
480 945 632 1026 Horatii
662 946 859 1024 lectorum
883 953 1049 1050 gratiam
1067 953 1138 1031 Vir
1156 955 1260 1030 Eru-

6 1077 8 1082 ‘
134 1067 365 1169 ditissimus,
408 1067 842 1150 Mitscherl'ichius.
911 1070 994 1147 Sed
1030 1069 1257 1148 cumlani

131 1187 265 1266 Editio
286 1189 393 1268 Odas
407 1203 562 1265 tantum
577 1189 618 1265 in
641 1187 800 1265 duobus
820 1191 940 1266 tomis
961 1189 1261 1292 complectatur,

131 1333 181 1386 'ea
196 1323 348 1409 autem,
375 1312 416 1387 in
435 1335 511 1414 qaia
531 1305 780 1411 profliganda
805 1313 1068 1404 cummaxime
1090 1333 1260 1412 occupa-
1286 1389 1291 1395 ,

118 1439 199 1525 ,tur
232 1443 344 1506 vetus
382 1455 498 1506 meus
529 1428 675 1538 sodalis
706 1444 747 1508 et
779 1431 928 1508 amicus
963 1429 1261 1509 Mitscher'li-
1312 1500 1317 1506 ,
1426 1420 1427 1499 j

134 1549 292 1643 chiuS,
320 1551 369 1627 ad
383 1565 465 1626 tam
482 1535 741 1652 splendidum
756 1575 857 1652 opus
872 1565 1078 1646 excrescat,
1103 1565 1149 1627 ut
1162 1575 1262 1652 pau·

135 1671 188 1746 cis
204 1668 253 1745 ad
271 1667 371 1747 illud
390 1668 466 1745 ‘sibi
476 1670 799 1772 comparandum
815 1696 880 1748 res
894 1685 1109 1774 suppetere
1124 1669 1261 1747 videa-

118 1794 218 1884 .tur';
263 1787 510 1874 desideratur
539 1791 688 1890 adhuc,
726 1793 828 1894 qu'ae
857 1791 1036 1893 plurium
1063 1789 1285 1870 lectorum.

133 1911 352 1990 rationibus
382 1909 684 1987 accommodata
712 1912 780 2009 sit,
814 1910 948 2002 editio.
1008 1915 1113 1990 Cum
1143 1913 1263 2011 igitur
1312 1996 1314 2001 ,
1426 2002 1427 2015 χ

66 2025 70 2032 ’
133 2040 225 2106 ente
240 2044 321 2110 tres
333 2055 468 2106 ‘annos
480 2032 551 2110 Vir
564 2032 890 2129 llonestissimus,¹
902 2031 1122 2134 bibliopola
1135 2034 1262 2133 Lipsia

134 2149 257 2246 ensis,
293 2153 472 2254 Caspai·
497 2150 791 2249 Fritschius,
825 2150 1135 2247 unsatisfaceret
1158 2153 1263 2247 oius÷

133 2269 249 2346 modi
267 2270 451 2348 editionis
469 2272 687 2368 desiderio,
714 2275 923 2350 Gesne'ri
942 2273 1165 2354 editionem
1185 2287 1263 2350 n'oa

134 2389 193 2466 vis
203 2387 365 2468 dotibus·
377 2393 607 2469 instmctnm
620 2384 842 2469 recudendi
857 2396 1025 2495 cepisset
1034 2379 1262 2490 consilium

134 2510 254 2609 mihi,
292 2521 339 2588 u't
367 2522 455 2589 eam
482 2536 836 2612 recognoscerem,
876 2526 935 2611 et,
977 2512 1058 2591 aliis
1089 2515 1263 2610 resectis,

136 2628 415 2731 aliis—adiectis,
452 2632 726 2733 diffingerem,
759 2624 891 2709 oblata
919 2610 978 2711 est
994 2617 1052 2710 ab
1071 2633 1142 2710 illo
1165 2660 1263 2711 con-

136 2747 265 2831 ditio..
299 2750 381 2829 Sed
397 2776 444 2829 ex
459 2754 598 2849 causis,
625 2776 722 2857 quas
740 2774 1063 2831 commemorare
1081 2747 1192 2835 nihil·
1204 2769 1264 2833 at-
1289 2744 1296 2749 ⁸

72 2860 76 2883 ³
134 2871 261 2971 linet,
278 2894 378 2949 eam
400 2874 642 2976 repudiavi,
663 2886 704 2951 et
728 2872 782 2955 ad·
801 2896 897 2951 eum
915 2875 1049 2975 potius
1069 2873 1263 2977 laborem,
1301 2859 1303 2864 ⁵
1340 2887 1342 2891 ’

138 2990 353 3091 quinovae
366 2992 483 3094 plene
501 2992 666 3071 editioni
679 2993 977 3097 impendendus
990 2997 1059 3095 sit,
1084 3021 1152 3075 me
1166 3022 1264 3097 pro·

48 3164 49 3167 κ
137 3110 282 3193 clivom
304 3136 389 3189 esse
406 3112 608 3218 professus
629 3138 730 3205 sum.
772 3114 933 3224 Placuit
971 3119 1077 3193 Rem
1097 3119 1263 3219 suscepi,

137 3242 179 3309 et
191 3245 396 3337 susceptae
414 3236 472 3313 rei
485 3244 706 3339 partes'pro
721 3233 824 3311 virili
842 3236 1036 3314 sustinere
1051 3235 1199 3318 studui.
1354 3243 1357 3246 ’

128 3456 129 3460 ¹
212 3470 317 3552 Niliil
341 3486 475 3581 autem
502 3475 610 3576 prius
628 3474 730 3553 mihi
752 3459 983 3552 faciendum
1007 3498 1093 3554 esse
1117 3474 1265 3581 putari,
1338 3556 1341 3559 ,
1408 3490 1411 3495 ’

101 3586 102 3590 ’
137 3606 259 3693 quem
274 3596 326 3671 ‘ut
350 3605 502 3671 testum
529 3592 668 3677 darem
694 3594 1072 3676 emendatissimum.
1122 3598 1265 3697 Itaque

120 3712 177 3789 ‚in
194 3712 292 3791 locis
309 3712 437 3815 dubiis
451 3736 536 3791 non
550 3728 690 3793 cenae
705 3715 913 3794 cuiusdam
929 3716 1112 3793 editionis
1128 3729 1266 3791 aucto-

135 3836 294 3935 ritatem
316 3846 473 3941 secutus
494 3856 602 3931 sum,
634 3834 709 3911 'sed
731 3836 816 3935 ipse
839 3834 1032 3936 lectiones
1055 3833 1266 3933 diligenter

137 3956 304 4051 excussi,
332 3968 390 4051 et,
418 3959 519 4055 quae
536 3966 619 4037 tam
636 3954 794 4055 linguae
809 3980 931 4057 quarn
943 3970 1087 4057 poetae
1102 3953 1264 4054 ingenio

113 4071 307 4161 maxime
341 4071 590 4182 respondere
624 4073 848 4173 videret-ur,
881 4100 972 4155 eam
998 4077 1144 4177 recepi.
1202 4074 1265 4155 Ab
1324 4167 1330 4175 ¹

79 4272 81 4275 ,
135 4197 248 4279 initio
264 4194 430 4297 quidem
456 4193 718 4289 animusera't
740 4201 892 4278 testum
912 4196 966 4271 ita
988 4195 1195 4293 exhibere,
1218 4206 1267 4271 ut
1384 4259 1387 4262 .

6 4412 7 4417 Ἰ
77 4304 1038 4406 aitteaet.Mitscherlichioconstituens
1063 4310 1267 4418 seuseu,
1389 4387 1393 4389 ,
