2859 4950
171 327 198 386 Χ
510 309 960 382 ΗΔΗΗΙΟ.

171 481 534 588 difficilioranova,
560 511 682 592 qtram
706 487 749 566 in
773 487 821 569 iis
839 485 1081 591 explicandis
1102 487 1308 588 ingram
1423 478 1424 535 ³

170 629 280 706 snm,
301 605 368 686 ria
383 605 592 710 explanare
606 607 761 706 studui,
786 631 835 686 ea
855 619 993 692 tamen
1009 630 1097 688 non
1112 609 1206 688 viris
1226 609 1308 688 do-

170 727 265 825 ctis,
296 725 379 806 sed-
394 727 591 810 tironibus
624 728 809 832 inprimis
828 751 899 808 me
924 727 1155 808 consultum
1175 731 1306 826 ivisse,

169 837 286 924 l'acile
317 843 455 946 docet,
474 875 571 953 ¹qna
597 873 693 928 usus
723 873 836 947 sum,
868 849 1160 961 interpretandi
1188 851 1304 932 ratio.

167 969 272 1048 Nam
288 966 330 1046 in
345 967 490 1072 quihus
503 969 709 1050 doctrinae
726 967 820 1048 alias
837 965 921 1047 laus
937 981 979 1048 et
992 970 1107 1072 copia
1133 971 1243 1050 cerni
1260 979 1306 1048 et
1337 987 1340 992 ’

169 1087 323 1166 censeri
338 1088 462 1190 solet,
487 1091 529 1170 in
549 1091 595 1170 iis
615 1086 674 1168 fui
698 1089 880 1188 brevior,
905 1101 945 1166 at
965 1089 1008 1166 in
1028 1090 1096 1188 iis,
1128 1113 1233 1194 quae
1249 1090 1305 1168 ad

166 1221 313 1310 poetae
329 1210 494 1288 vinctas
518 1223 560 1288 et
575 1210 792 1288 sententias
808 1208 983 1350 penitius
1004 1208 1303 1313 perspiciendas

34 1398 38 1410 ,
167 1325 301 1407 facere
315 1327 565 1428 viderentur,
591 1330 713 1433 paulo
737 1330 958 1431 copiosior,
984 1330 1172 1434 adeoque
1191 1330 1303 1408 utili·

167 1448 257 1526 tatis
271 1447 397 1588 magis
413 1469 534 1553 quam
549 1449 700 1555 gloriae
714 1449 927 1532 studiosus
969 1451 1155 1549 Nevero,
1169 1453 1302 1554 prins-

168 1593 290 1672 tham
304 1563 389 1670 ipse
410 1568 462 1647 de
478 1595 731 1676 unoquoque
746 1546 922 1663 carmine
944 1569 1172 1672 fflissenum
1192 1572 1301 1670 cogi·

167 1697 331 1784 tamem,
358 1687 529 1770 aliorum
550 1676 853 1803 explicationes
849 1703 1020 1770 temere
1024 1691 1301 1796 amplecterer,

166 1807 259 1886 vel
248 1833 289 1886 ιιι
312 1831 454 1902 eorum
477 1811 695 1912 opiniones
711 1837 781 1892 me
804 1789 941 1893 induci
963 1825 1140 1928 paterer,
1166 1811 1301 1911 legem

166 1927 268 2008 milri
289 1929 426 2034 scripsi
446 1929 568 2029 hanc,
599 1947 650 2019 ut
667 1933 829 2012 nonnisi
851 1934 933 2012 iam
956 1947 1064 2012 certa
1086 1932 1139 2012 de
1161 1935 1301 2035 unius·

168 2050 361 2153 cuiusque
376 2051 559 2130 carminis
577 2054 746 2158 oonsilio
760 2067 802 2134 et
813 2077 933 2133 semu
949 2067 1144 2156 concepta
1162 2029 1314 2132 animo

149 2170 364 2258 ,sententia
377 2171 616 2276 interpretes
632 2172 805 2272 adirem,
833 2186 884 2270 et,
911 2197 1015 2275 quae
1028 2173 1162 2253 bonae
1176 2173 1300 2277 frugis

167 2291 278 2394 apud
291 2315 363 2370 ens
377 2293 659 2394 reperirentur,
673 2296 715 2374 in
729 2321 849 2376 usum
862 2319 1002 2377 meum
1011 2309 1300 2374 converterem

35 2488 40 2499 .
165 2415 269 2513 Nec,
305 2437 408 2517 quae
432 2411 514 2492 aliis
538 2427 697 2517 accepta
727 2415 884 2516 refero,
918 2415 1180 2515 dissimulavi,
1213 2415 1300 2515 sed,
1393 2411 1402 2424 “

164 2534 398 2637 ubicunque
433 2558 536 2637 opus
577 2534 811 2636 videbatur,
856 2538 965 2620 bona
1000 2536 1085 2615 fide
1119 2535 1300 2617 indicavi.

167 2656 332 2759 Optima
350 2666 484 2733 autem
500 2656 766 2759 suppeditavit
780 2655 1166 2739 Mitscherlichii
1186 2680 1304 2732 eom-·

164 2776 402 2873 montarins,
437 2776 697 2879 exquisitioris
720 2778 1066 2879 doctrinaec'opia
1089 2776 1299 2858 refertissi-

163 2919 274 2997 mus,
299 2920 424 2999 quem
442 2896 610 3001 quidem
629 2920 679 2974 eo
704 2892 918 2979 lubentius
929 2900 972 2977 in
995 2909 1127 2999 partes
1150 2898 1298 2995 vocavi,

165 3040 250 3121 qno
265 3017 390 3115 magis
406 3018 490 3095 eius
507 3019 737 3097 auctoriam
751 3019 864 3119 olim,
879 3018 929 3099 ad
944 3020 1054 3097 cuius
1068 3016 1299 3118 exemplum

163 3162 234 3217 me
257 3158 568 3241 componerem,
598 3138 702 3217 ‘mihi
725 3142 850 3217 extitit
876 3140 1136 3239 dignissimus
1175 3140 1310 3221 Nam

165 3282 250 3335 non
264 3258 351 3335 sine
365 3280 523 3335 summa
546 3258 668 3335 animi
683 3259 889 3360 voluptate
909 3264 951 3338 in
971 3259 1212 3339 memoriam
1231 3281 1298 3333 re-

164 3402 267 3456 voco
298 3376 401 3457 illud
433 3389 622 3479 tempus,
648 3401 732 3478 quo
756 3404 841 3458 non
864 3381 999 3459 solum
1029 3381 1193 3458 intimae
1220 3402 1297 3453 nos

165 3522 315 3604 pueros
332 3500 373 3579 in
387 3495 524 3575 schola
540 3498 724 3579 Portensi
738 3502 929 3581 amicitiae
942 3500 1297 3604 familiaritatisque

165 3622 330 3701 tenebat
344 3616 568 3715 vinculum,
594 3616 667 3695 sed
681 3632 870 3729 mutuum
884 3648 1047 3729 quoque
1060 3619 1298 3728 ¹honestissi-
1374 3634 1380 3641 '

165 3755 257 3825 mae
276 3738 552 3837 aemulationis
575 3738 743 3837 agitabat
763 3742 950 3827 studium.
1003 3738 1203 3821 Gaudebit
1224 3735 1296 3837 igi-

165 3860 333 3960 turine,
361 3862 480 3939 euius·
496 3861 657 3965 antiqua
679 3860 783 3941 {ides
808 3865 1065 3941 et-rarissima
1087 3860 1208 3937 animi
1233 3860 1297 3934 in-

165 3985 325 4085 tegritas
352 3980 455 4057 mihi
479 3992 521 4057 et
542 3978 626 4057 aliis
646 3982 738 4058 satis
758 3997 966 4085 perspecta
991 3994 1051 4059 est
1056 3978 1297 4081 ,gaudebit

165 4106 349 4207 inquam,
382 4101 555 4179 nisime
582 4102 720 4178 omnia
748 4097 913 4202 fallunt,
945 4103 1030 4202 ille,
1062 4103 1095 4179 si
1114 4114 1296 4178 veterem
1357 4103 1360 4105 ’

107 4234 108 4237 ‘
140 4208 144 4219 ’
165 4250 285 4307 suum
306 4222 480 4323 amicum
499 4235 593 4325 post
612 4245 789 4307 messem
809 4246 833 4303 a
854 4246 900 4305 se
922 4218 1068 4305 iactam
1087 4222 1215 4385 spicas
1235 4221 1296 4300 le·

165 4348 268 4449 gisse
286 4314 535 4429 intellexerit
666 4382 684 4401 s
1031 4382 1034 4386 ·
